%YAML 1.1
%TAG !u! tag:unity3d.com,2011:
--- !u!1 &732734810105774261
GameObject:
  m_ObjectHideFlags: 0
  m_CorrespondingSourceObject: {fileID: 0}
  m_PrefabInstance: {fileID: 0}
  m_PrefabAsset: {fileID: 0}
  serializedVersion: 6
  m_Component:
  - component: {fileID: 7016120908962002440}
  m_Layer: 0
  m_Name: EndPoint
  m_TagString: Untagged
  m_Icon: {fileID: -5487077368411116049, guid: 0000000000000000d000000000000000, type: 0}
  m_NavMeshLayer: 0
  m_StaticEditorFlags: 0
  m_IsActive: 1
--- !u!4 &7016120908962002440
Transform:
  m_ObjectHideFlags: 0
  m_CorrespondingSourceObject: {fileID: 0}
  m_PrefabInstance: {fileID: 0}
  m_PrefabAsset: {fileID: 0}
  m_GameObject: {fileID: 732734810105774261}
  m_LocalRotation: {x: 0, y: 0, z: 0, w: 1}
  m_LocalPosition: {x: 20.28, y: -3.07, z: 0}
  m_LocalScale: {x: 1, y: 1, z: 1}
  m_Children: []
  m_Father: {fileID: 8778458756347411580}
  m_RootOrder: 4
  m_LocalEulerAnglesHint: {x: 0, y: 0, z: 0}
--- !u!1 &1447919286574753334
GameObject:
  m_ObjectHideFlags: 0
  m_CorrespondingSourceObject: {fileID: 0}
  m_PrefabInstance: {fileID: 0}
  m_PrefabAsset: {fileID: 0}
  serializedVersion: 6
  m_Component:
  - component: {fileID: 1993470779073887502}
  m_Layer: 0
  m_Name: Collectables
  m_TagString: Untagged
  m_Icon: {fileID: 0}
  m_NavMeshLayer: 0
  m_StaticEditorFlags: 0
  m_IsActive: 1
--- !u!4 &1993470779073887502
Transform:
  m_ObjectHideFlags: 0
  m_CorrespondingSourceObject: {fileID: 0}
  m_PrefabInstance: {fileID: 0}
  m_PrefabAsset: {fileID: 0}
  m_GameObject: {fileID: 1447919286574753334}
  m_LocalRotation: {x: 0, y: 0, z: 0, w: 1}
  m_LocalPosition: {x: 0, y: 0, z: 0}
  m_LocalScale: {x: 1, y: 1, z: 1}
  m_Children:
  - {fileID: 3699343187208615754}
  - {fileID: 4730544139744486835}
  - {fileID: 7520128051080303004}
  - {fileID: 1949095801713563}
  - {fileID: 4156952928968921813}
  - {fileID: 3242663446331444877}
  - {fileID: 7739418681565605550}
  - {fileID: 34336195083394326}
  - {fileID: 4553450267402506774}
  - {fileID: 6404055234535944970}
  m_Father: {fileID: 8778458756347411580}
  m_RootOrder: 1
  m_LocalEulerAnglesHint: {x: 0, y: 0, z: 0}
--- !u!1 &2626882593177716902
GameObject:
  m_ObjectHideFlags: 0
  m_CorrespondingSourceObject: {fileID: 0}
  m_PrefabInstance: {fileID: 0}
  m_PrefabAsset: {fileID: 0}
  serializedVersion: 6
  m_Component:
  - component: {fileID: 1909034438530100570}
  m_Layer: 0
  m_Name: Platforms
  m_TagString: Untagged
  m_Icon: {fileID: 0}
  m_NavMeshLayer: 0
  m_StaticEditorFlags: 0
  m_IsActive: 1
--- !u!4 &1909034438530100570
Transform:
  m_ObjectHideFlags: 0
  m_CorrespondingSourceObject: {fileID: 0}
  m_PrefabInstance: {fileID: 0}
  m_PrefabAsset: {fileID: 0}
  m_GameObject: {fileID: 2626882593177716902}
  m_LocalRotation: {x: 0, y: 0, z: 0, w: 1}
  m_LocalPosition: {x: 0, y: 0, z: 0}
  m_LocalScale: {x: 1, y: 1, z: 1}
  m_Children:
  - {fileID: 2614479712976057918}
  - {fileID: 3381798623761344078}
  - {fileID: 6803623202048261428}
  - {fileID: 7743512568546215057}
  - {fileID: 252694987279331417}
  - {fileID: 3400684875144484891}
  - {fileID: 3098957509594362286}
  m_Father: {fileID: 8778458756347411580}
  m_RootOrder: 0
  m_LocalEulerAnglesHint: {x: 0, y: 0, z: 0}
--- !u!1 &4585392696533554730
GameObject:
  m_ObjectHideFlags: 0
  m_CorrespondingSourceObject: {fileID: 0}
  m_PrefabInstance: {fileID: 0}
  m_PrefabAsset: {fileID: 0}
  serializedVersion: 6
  m_Component:
  - component: {fileID: 3031276514862587468}
  m_Layer: 0
  m_Name: FallColliders
  m_TagString: Untagged
  m_Icon: {fileID: 0}
  m_NavMeshLayer: 0
  m_StaticEditorFlags: 0
  m_IsActive: 1
--- !u!4 &3031276514862587468
Transform:
  m_ObjectHideFlags: 0
  m_CorrespondingSourceObject: {fileID: 0}
  m_PrefabInstance: {fileID: 0}
  m_PrefabAsset: {fileID: 0}
  m_GameObject: {fileID: 4585392696533554730}
  m_LocalRotation: {x: 0, y: 0, z: 0, w: 1}
  m_LocalPosition: {x: 0, y: 0, z: 0}
  m_LocalScale: {x: 1, y: 1, z: 1}
  m_Children:
  - {fileID: 1114206812934742192}
  - {fileID: 7355595680417544557}
  m_Father: {fileID: 8778458756347411580}
  m_RootOrder: 3
  m_LocalEulerAnglesHint: {x: 0, y: 0, z: 0}
--- !u!1 &5533503018462114836
GameObject:
  m_ObjectHideFlags: 0
  m_CorrespondingSourceObject: {fileID: 0}
  m_PrefabInstance: {fileID: 0}
  m_PrefabAsset: {fileID: 0}
  serializedVersion: 6
  m_Component:
  - component: {fileID: 4090626960612024343}
  m_Layer: 0
  m_Name: Obstacles
  m_TagString: Untagged
  m_Icon: {fileID: 0}
  m_NavMeshLayer: 0
  m_StaticEditorFlags: 0
  m_IsActive: 1
--- !u!4 &4090626960612024343
Transform:
  m_ObjectHideFlags: 0
  m_CorrespondingSourceObject: {fileID: 0}
  m_PrefabInstance: {fileID: 0}
  m_PrefabAsset: {fileID: 0}
  m_GameObject: {fileID: 5533503018462114836}
  m_LocalRotation: {x: 0, y: 0, z: 0, w: 1}
  m_LocalPosition: {x: 0, y: 0, z: 0}
  m_LocalScale: {x: 1, y: 1, z: 1}
  m_Children:
  - {fileID: 6545222886132126305}
  - {fileID: 9168789490600134206}
  m_Father: {fileID: 8778458756347411580}
  m_RootOrder: 2
  m_LocalEulerAnglesHint: {x: 0, y: 0, z: 0}
--- !u!1 &8771707734587506957
GameObject:
  m_ObjectHideFlags: 0
  m_CorrespondingSourceObject: {fileID: 0}
  m_PrefabInstance: {fileID: 0}
  m_PrefabAsset: {fileID: 0}
  serializedVersion: 6
  m_Component:
  - component: {fileID: 8778458756347411580}
  - component: {fileID: 7667781900825578172}
  - component: {fileID: 662693239628385221}
  m_Layer: 0
  m_Name: Level_Section_8
  m_TagString: Untagged
  m_Icon: {fileID: 2974397684917235467, guid: 0000000000000000d000000000000000, type: 0}
  m_NavMeshLayer: 0
  m_StaticEditorFlags: 0
  m_IsActive: 1
--- !u!4 &8778458756347411580
Transform:
  m_ObjectHideFlags: 0
  m_CorrespondingSourceObject: {fileID: 0}
  m_PrefabInstance: {fileID: 0}
  m_PrefabAsset: {fileID: 0}
  m_GameObject: {fileID: 8771707734587506957}
  m_LocalRotation: {x: 0, y: 0, z: 0, w: 1}
  m_LocalPosition: {x: 7.914, y: -1.88, z: 0}
  m_LocalScale: {x: 1, y: 1, z: 1}
  m_Children:
  - {fileID: 1909034438530100570}
  - {fileID: 1993470779073887502}
  - {fileID: 4090626960612024343}
  - {fileID: 3031276514862587468}
  - {fileID: 7016120908962002440}
  m_Father: {fileID: 0}
  m_RootOrder: 0
  m_LocalEulerAnglesHint: {x: 0, y: 0, z: 0}
--- !u!114 &7667781900825578172
MonoBehaviour:
  m_ObjectHideFlags: 0
  m_CorrespondingSourceObject: {fileID: 0}
  m_PrefabInstance: {fileID: 0}
  m_PrefabAsset: {fileID: 0}
  m_GameObject: {fileID: 8771707734587506957}
  m_Enabled: 1
  m_EditorHideFlags: 0
  m_Script: {fileID: 11500000, guid: 3cf4adea4b12ef849af531cb442a7d81, type: 3}
  m_Name: 
  m_EditorClassIdentifier: 
  moveSpeed: 0
--- !u!114 &662693239628385221
MonoBehaviour:
  m_ObjectHideFlags: 0
  m_CorrespondingSourceObject: {fileID: 0}
  m_PrefabInstance: {fileID: 0}
  m_PrefabAsset: {fileID: 0}
  m_GameObject: {fileID: 8771707734587506957}
  m_Enabled: 1
  m_EditorHideFlags: 0
  m_Script: {fileID: 11500000, guid: 7c5448c2bdcdc904f92c5f7422eabb28, type: 3}
  m_Name: 
  m_EditorClassIdentifier: 
--- !u!1001 &630505809969448470
PrefabInstance:
  m_ObjectHideFlags: 0
  serializedVersion: 2
  m_Modification:
    m_TransformParent: {fileID: 1993470779073887502}
    m_Modifications:
    - target: {fileID: 7180974181317732541, guid: 640780bfe7a5a0e4c83d0c7e6fc61dcc,
        type: 3}
      propertyPath: m_Name
      value: Sphere (3)
      objectReference: {fileID: 0}
    - target: {fileID: 7180974181317732536, guid: 640780bfe7a5a0e4c83d0c7e6fc61dcc,
        type: 3}
      propertyPath: m_LocalPosition.x
      value: 17.78
      objectReference: {fileID: 0}
    - target: {fileID: 7180974181317732536, guid: 640780bfe7a5a0e4c83d0c7e6fc61dcc,
        type: 3}
      propertyPath: m_LocalPosition.y
      value: 0.62
      objectReference: {fileID: 0}
    - target: {fileID: 7180974181317732536, guid: 640780bfe7a5a0e4c83d0c7e6fc61dcc,
        type: 3}
      propertyPath: m_LocalPosition.z
      value: 0
      objectReference: {fileID: 0}
    - target: {fileID: 7180974181317732536, guid: 640780bfe7a5a0e4c83d0c7e6fc61dcc,
        type: 3}
      propertyPath: m_LocalRotation.x
      value: -0
      objectReference: {fileID: 0}
    - target: {fileID: 7180974181317732536, guid: 640780bfe7a5a0e4c83d0c7e6fc61dcc,
        type: 3}
      propertyPath: m_LocalRotation.y
      value: -0
      objectReference: {fileID: 0}
    - target: {fileID: 7180974181317732536, guid: 640780bfe7a5a0e4c83d0c7e6fc61dcc,
        type: 3}
      propertyPath: m_LocalRotation.z
      value: -0
      objectReference: {fileID: 0}
    - target: {fileID: 7180974181317732536, guid: 640780bfe7a5a0e4c83d0c7e6fc61dcc,
        type: 3}
      propertyPath: m_LocalRotation.w
      value: 1
      objectReference: {fileID: 0}
    - target: {fileID: 7180974181317732536, guid: 640780bfe7a5a0e4c83d0c7e6fc61dcc,
        type: 3}
      propertyPath: m_RootOrder
      value: 6
      objectReference: {fileID: 0}
    - target: {fileID: 7180974181317732536, guid: 640780bfe7a5a0e4c83d0c7e6fc61dcc,
        type: 3}
      propertyPath: m_LocalEulerAnglesHint.x
      value: 0
      objectReference: {fileID: 0}
    - target: {fileID: 7180974181317732536, guid: 640780bfe7a5a0e4c83d0c7e6fc61dcc,
        type: 3}
      propertyPath: m_LocalEulerAnglesHint.y
      value: 0
      objectReference: {fileID: 0}
    - target: {fileID: 7180974181317732536, guid: 640780bfe7a5a0e4c83d0c7e6fc61dcc,
        type: 3}
      propertyPath: m_LocalEulerAnglesHint.z
      value: 0
      objectReference: {fileID: 0}
    m_RemovedComponents: []
  m_SourcePrefab: {fileID: 100100000, guid: 640780bfe7a5a0e4c83d0c7e6fc61dcc, type: 3}
--- !u!4 &7739418681565605550 stripped
Transform:
  m_CorrespondingSourceObject: {fileID: 7180974181317732536, guid: 640780bfe7a5a0e4c83d0c7e6fc61dcc,
    type: 3}
  m_PrefabInstance: {fileID: 630505809969448470}
  m_PrefabAsset: {fileID: 0}
--- !u!1001 &863333673114958116
PrefabInstance:
  m_ObjectHideFlags: 0
  serializedVersion: 2
  m_Modification:
    m_TransformParent: {fileID: 1993470779073887502}
    m_Modifications:
    - target: {fileID: 7180974181317732541, guid: 640780bfe7a5a0e4c83d0c7e6fc61dcc,
        type: 3}
      propertyPath: m_Name
      value: Sphere (7)
      objectReference: {fileID: 0}
    - target: {fileID: 7180974181317732536, guid: 640780bfe7a5a0e4c83d0c7e6fc61dcc,
        type: 3}
      propertyPath: m_LocalPosition.x
      value: 18.23
      objectReference: {fileID: 0}
    - target: {fileID: 7180974181317732536, guid: 640780bfe7a5a0e4c83d0c7e6fc61dcc,
        type: 3}
      propertyPath: m_LocalPosition.y
      value: -1.8132874
      objectReference: {fileID: 0}
    - target: {fileID: 7180974181317732536, guid: 640780bfe7a5a0e4c83d0c7e6fc61dcc,
        type: 3}
      propertyPath: m_LocalPosition.z
      value: 0
      objectReference: {fileID: 0}
    - target: {fileID: 7180974181317732536, guid: 640780bfe7a5a0e4c83d0c7e6fc61dcc,
        type: 3}
      propertyPath: m_LocalRotation.x
      value: -0
      objectReference: {fileID: 0}
    - target: {fileID: 7180974181317732536, guid: 640780bfe7a5a0e4c83d0c7e6fc61dcc,
        type: 3}
      propertyPath: m_LocalRotation.y
      value: -0
      objectReference: {fileID: 0}
    - target: {fileID: 7180974181317732536, guid: 640780bfe7a5a0e4c83d0c7e6fc61dcc,
        type: 3}
      propertyPath: m_LocalRotation.z
      value: -0
      objectReference: {fileID: 0}
    - target: {fileID: 7180974181317732536, guid: 640780bfe7a5a0e4c83d0c7e6fc61dcc,
        type: 3}
      propertyPath: m_LocalRotation.w
      value: 1
      objectReference: {fileID: 0}
    - target: {fileID: 7180974181317732536, guid: 640780bfe7a5a0e4c83d0c7e6fc61dcc,
        type: 3}
      propertyPath: m_RootOrder
      value: 2
      objectReference: {fileID: 0}
    - target: {fileID: 7180974181317732536, guid: 640780bfe7a5a0e4c83d0c7e6fc61dcc,
        type: 3}
      propertyPath: m_LocalEulerAnglesHint.x
      value: 0
      objectReference: {fileID: 0}
    - target: {fileID: 7180974181317732536, guid: 640780bfe7a5a0e4c83d0c7e6fc61dcc,
        type: 3}
      propertyPath: m_LocalEulerAnglesHint.y
      value: 0
      objectReference: {fileID: 0}
    - target: {fileID: 7180974181317732536, guid: 640780bfe7a5a0e4c83d0c7e6fc61dcc,
        type: 3}
      propertyPath: m_LocalEulerAnglesHint.z
      value: 0
      objectReference: {fileID: 0}
    m_RemovedComponents: []
  m_SourcePrefab: {fileID: 100100000, guid: 640780bfe7a5a0e4c83d0c7e6fc61dcc, type: 3}
--- !u!4 &7520128051080303004 stripped
Transform:
  m_CorrespondingSourceObject: {fileID: 7180974181317732536, guid: 640780bfe7a5a0e4c83d0c7e6fc61dcc,
    type: 3}
  m_PrefabInstance: {fileID: 863333673114958116}
  m_PrefabAsset: {fileID: 0}
--- !u!1001 &1355259138609109241
PrefabInstance:
  m_ObjectHideFlags: 0
  serializedVersion: 2
  m_Modification:
    m_TransformParent: {fileID: 1909034438530100570}
    m_Modifications:
    - target: {fileID: 637697423228636780, guid: b19c311c93319b24e85a2688033ed167,
        type: 3}
      propertyPath: m_Name
      value: Platform (6)
      objectReference: {fileID: 0}
    - target: {fileID: 1247243938627823776, guid: b19c311c93319b24e85a2688033ed167,
        type: 3}
      propertyPath: m_LocalPosition.x
      value: 5.1959996
      objectReference: {fileID: 0}
    - target: {fileID: 1247243938627823776, guid: b19c311c93319b24e85a2688033ed167,
        type: 3}
      propertyPath: m_LocalPosition.y
      value: 0.90999997
      objectReference: {fileID: 0}
    - target: {fileID: 1247243938627823776, guid: b19c311c93319b24e85a2688033ed167,
        type: 3}
      propertyPath: m_LocalPosition.z
      value: 0
      objectReference: {fileID: 0}
    - target: {fileID: 1247243938627823776, guid: b19c311c93319b24e85a2688033ed167,
        type: 3}
      propertyPath: m_LocalRotation.x
      value: -0
      objectReference: {fileID: 0}
    - target: {fileID: 1247243938627823776, guid: b19c311c93319b24e85a2688033ed167,
        type: 3}
      propertyPath: m_LocalRotation.y
      value: -0
      objectReference: {fileID: 0}
    - target: {fileID: 1247243938627823776, guid: b19c311c93319b24e85a2688033ed167,
        type: 3}
      propertyPath: m_LocalRotation.z
      value: -0
      objectReference: {fileID: 0}
    - target: {fileID: 1247243938627823776, guid: b19c311c93319b24e85a2688033ed167,
        type: 3}
      propertyPath: m_LocalRotation.w
      value: 1
      objectReference: {fileID: 0}
    - target: {fileID: 1247243938627823776, guid: b19c311c93319b24e85a2688033ed167,
        type: 3}
      propertyPath: m_RootOrder
      value: 4
      objectReference: {fileID: 0}
    - target: {fileID: 1247243938627823776, guid: b19c311c93319b24e85a2688033ed167,
        type: 3}
      propertyPath: m_LocalEulerAnglesHint.x
      value: 0
      objectReference: {fileID: 0}
    - target: {fileID: 1247243938627823776, guid: b19c311c93319b24e85a2688033ed167,
        type: 3}
      propertyPath: m_LocalEulerAnglesHint.y
      value: 0
      objectReference: {fileID: 0}
    - target: {fileID: 1247243938627823776, guid: b19c311c93319b24e85a2688033ed167,
        type: 3}
      propertyPath: m_LocalEulerAnglesHint.z
      value: 0
      objectReference: {fileID: 0}
    - target: {fileID: 1247243938627823776, guid: b19c311c93319b24e85a2688033ed167,
        type: 3}
      propertyPath: m_LocalScale.x
      value: 2.4503934
      objectReference: {fileID: 0}
    m_RemovedComponents: []
  m_SourcePrefab: {fileID: 100100000, guid: b19c311c93319b24e85a2688033ed167, type: 3}
--- !u!4 &252694987279331417 stripped
Transform:
  m_CorrespondingSourceObject: {fileID: 1247243938627823776, guid: b19c311c93319b24e85a2688033ed167,
    type: 3}
  m_PrefabInstance: {fileID: 1355259138609109241}
  m_PrefabAsset: {fileID: 0}
--- !u!1001 &1831488388222341877
PrefabInstance:
  m_ObjectHideFlags: 0
  serializedVersion: 2
  m_Modification:
    m_TransformParent: {fileID: 4090626960612024343}
    m_Modifications:
    - target: {fileID: 4881776055441375378, guid: f93f8076093a5c9419a6e7689e88c492,
        type: 3}
      propertyPath: m_Name
      value: ObstacleShort (1)
      objectReference: {fileID: 0}
    - target: {fileID: 4881776055441375380, guid: f93f8076093a5c9419a6e7689e88c492,
        type: 3}
      propertyPath: m_LocalPosition.x
      value: 11.824759
      objectReference: {fileID: 0}
    - target: {fileID: 4881776055441375380, guid: f93f8076093a5c9419a6e7689e88c492,
        type: 3}
      propertyPath: m_LocalPosition.y
      value: 1.8950037
      objectReference: {fileID: 0}
    - target: {fileID: 4881776055441375380, guid: f93f8076093a5c9419a6e7689e88c492,
        type: 3}
      propertyPath: m_LocalPosition.z
      value: 0
      objectReference: {fileID: 0}
    - target: {fileID: 4881776055441375380, guid: f93f8076093a5c9419a6e7689e88c492,
        type: 3}
      propertyPath: m_LocalRotation.x
      value: -0
      objectReference: {fileID: 0}
    - target: {fileID: 4881776055441375380, guid: f93f8076093a5c9419a6e7689e88c492,
        type: 3}
      propertyPath: m_LocalRotation.y
      value: -0
      objectReference: {fileID: 0}
    - target: {fileID: 4881776055441375380, guid: f93f8076093a5c9419a6e7689e88c492,
        type: 3}
      propertyPath: m_LocalRotation.z
      value: -0
      objectReference: {fileID: 0}
    - target: {fileID: 4881776055441375380, guid: f93f8076093a5c9419a6e7689e88c492,
        type: 3}
      propertyPath: m_LocalRotation.w
      value: 1
      objectReference: {fileID: 0}
    - target: {fileID: 4881776055441375380, guid: f93f8076093a5c9419a6e7689e88c492,
        type: 3}
      propertyPath: m_RootOrder
      value: 0
      objectReference: {fileID: 0}
    - target: {fileID: 4881776055441375380, guid: f93f8076093a5c9419a6e7689e88c492,
        type: 3}
      propertyPath: m_LocalEulerAnglesHint.x
      value: 0
      objectReference: {fileID: 0}
    - target: {fileID: 4881776055441375380, guid: f93f8076093a5c9419a6e7689e88c492,
        type: 3}
      propertyPath: m_LocalEulerAnglesHint.y
      value: 0
      objectReference: {fileID: 0}
    - target: {fileID: 4881776055441375380, guid: f93f8076093a5c9419a6e7689e88c492,
        type: 3}
      propertyPath: m_LocalEulerAnglesHint.z
      value: 0
      objectReference: {fileID: 0}
    m_RemovedComponents: []
  m_SourcePrefab: {fileID: 100100000, guid: f93f8076093a5c9419a6e7689e88c492, type: 3}
--- !u!4 &6545222886132126305 stripped
Transform:
  m_CorrespondingSourceObject: {fileID: 4881776055441375380, guid: f93f8076093a5c9419a6e7689e88c492,
    type: 3}
  m_PrefabInstance: {fileID: 1831488388222341877}
  m_PrefabAsset: {fileID: 0}
--- !u!1001 &2450438874216221963
PrefabInstance:
  m_ObjectHideFlags: 0
  serializedVersion: 2
  m_Modification:
    m_TransformParent: {fileID: 1993470779073887502}
    m_Modifications:
    - target: {fileID: 7180974181317732541, guid: 640780bfe7a5a0e4c83d0c7e6fc61dcc,
        type: 3}
      propertyPath: m_Name
      value: Sphere (8)
      objectReference: {fileID: 0}
    - target: {fileID: 7180974181317732536, guid: 640780bfe7a5a0e4c83d0c7e6fc61dcc,
        type: 3}
      propertyPath: m_LocalPosition.x
      value: 18.36
      objectReference: {fileID: 0}
    - target: {fileID: 7180974181317732536, guid: 640780bfe7a5a0e4c83d0c7e6fc61dcc,
        type: 3}
      propertyPath: m_LocalPosition.y
      value: -2.4746623
      objectReference: {fileID: 0}
    - target: {fileID: 7180974181317732536, guid: 640780bfe7a5a0e4c83d0c7e6fc61dcc,
        type: 3}
      propertyPath: m_LocalPosition.z
      value: 0
      objectReference: {fileID: 0}
    - target: {fileID: 7180974181317732536, guid: 640780bfe7a5a0e4c83d0c7e6fc61dcc,
        type: 3}
      propertyPath: m_LocalRotation.x
      value: -0
      objectReference: {fileID: 0}
    - target: {fileID: 7180974181317732536, guid: 640780bfe7a5a0e4c83d0c7e6fc61dcc,
        type: 3}
      propertyPath: m_LocalRotation.y
      value: -0
      objectReference: {fileID: 0}
    - target: {fileID: 7180974181317732536, guid: 640780bfe7a5a0e4c83d0c7e6fc61dcc,
        type: 3}
      propertyPath: m_LocalRotation.z
      value: -0
      objectReference: {fileID: 0}
    - target: {fileID: 7180974181317732536, guid: 640780bfe7a5a0e4c83d0c7e6fc61dcc,
        type: 3}
      propertyPath: m_LocalRotation.w
      value: 1
      objectReference: {fileID: 0}
    - target: {fileID: 7180974181317732536, guid: 640780bfe7a5a0e4c83d0c7e6fc61dcc,
        type: 3}
      propertyPath: m_RootOrder
      value: 1
      objectReference: {fileID: 0}
    - target: {fileID: 7180974181317732536, guid: 640780bfe7a5a0e4c83d0c7e6fc61dcc,
        type: 3}
      propertyPath: m_LocalEulerAnglesHint.x
      value: 0
      objectReference: {fileID: 0}
    - target: {fileID: 7180974181317732536, guid: 640780bfe7a5a0e4c83d0c7e6fc61dcc,
        type: 3}
      propertyPath: m_LocalEulerAnglesHint.y
      value: 0
      objectReference: {fileID: 0}
    - target: {fileID: 7180974181317732536, guid: 640780bfe7a5a0e4c83d0c7e6fc61dcc,
        type: 3}
      propertyPath: m_LocalEulerAnglesHint.z
      value: 0
      objectReference: {fileID: 0}
    m_RemovedComponents: []
  m_SourcePrefab: {fileID: 100100000, guid: 640780bfe7a5a0e4c83d0c7e6fc61dcc, type: 3}
--- !u!4 &4730544139744486835 stripped
Transform:
  m_CorrespondingSourceObject: {fileID: 7180974181317732536, guid: 640780bfe7a5a0e4c83d0c7e6fc61dcc,
    type: 3}
  m_PrefabInstance: {fileID: 2450438874216221963}
  m_PrefabAsset: {fileID: 0}
--- !u!1001 &2868734499587076571
PrefabInstance:
  m_ObjectHideFlags: 0
  serializedVersion: 2
  m_Modification:
    m_TransformParent: {fileID: 3031276514862587468}
    m_Modifications:
    - target: {fileID: 2934587624247005558, guid: e25b6614d22c84945ba90b31261cbead,
        type: 3}
      propertyPath: m_Name
      value: FallCollider
      objectReference: {fileID: 0}
    - target: {fileID: 2934587624247005547, guid: e25b6614d22c84945ba90b31261cbead,
        type: 3}
      propertyPath: m_LocalPosition.x
      value: 8.18
      objectReference: {fileID: 0}
    - target: {fileID: 2934587624247005547, guid: e25b6614d22c84945ba90b31261cbead,
        type: 3}
      propertyPath: m_LocalPosition.y
      value: -1.5499998
      objectReference: {fileID: 0}
    - target: {fileID: 2934587624247005547, guid: e25b6614d22c84945ba90b31261cbead,
        type: 3}
      propertyPath: m_LocalPosition.z
      value: 0
      objectReference: {fileID: 0}
    - target: {fileID: 2934587624247005547, guid: e25b6614d22c84945ba90b31261cbead,
        type: 3}
      propertyPath: m_LocalRotation.x
      value: -0
      objectReference: {fileID: 0}
    - target: {fileID: 2934587624247005547, guid: e25b6614d22c84945ba90b31261cbead,
        type: 3}
      propertyPath: m_LocalRotation.y
      value: -0
      objectReference: {fileID: 0}
    - target: {fileID: 2934587624247005547, guid: e25b6614d22c84945ba90b31261cbead,
        type: 3}
      propertyPath: m_LocalRotation.z
      value: -0
      objectReference: {fileID: 0}
    - target: {fileID: 2934587624247005547, guid: e25b6614d22c84945ba90b31261cbead,
        type: 3}
      propertyPath: m_LocalRotation.w
      value: 1
      objectReference: {fileID: 0}
    - target: {fileID: 2934587624247005547, guid: e25b6614d22c84945ba90b31261cbead,
        type: 3}
      propertyPath: m_RootOrder
      value: 0
      objectReference: {fileID: 0}
    - target: {fileID: 2934587624247005547, guid: e25b6614d22c84945ba90b31261cbead,
        type: 3}
      propertyPath: m_LocalEulerAnglesHint.x
      value: 0
      objectReference: {fileID: 0}
    - target: {fileID: 2934587624247005547, guid: e25b6614d22c84945ba90b31261cbead,
        type: 3}
      propertyPath: m_LocalEulerAnglesHint.y
      value: 0
      objectReference: {fileID: 0}
    - target: {fileID: 2934587624247005547, guid: e25b6614d22c84945ba90b31261cbead,
        type: 3}
      propertyPath: m_LocalEulerAnglesHint.z
      value: 0
      objectReference: {fileID: 0}
    m_RemovedComponents: []
  m_SourcePrefab: {fileID: 100100000, guid: e25b6614d22c84945ba90b31261cbead, type: 3}
--- !u!4 &1114206812934742192 stripped
Transform:
  m_CorrespondingSourceObject: {fileID: 2934587624247005547, guid: e25b6614d22c84945ba90b31261cbead,
    type: 3}
  m_PrefabInstance: {fileID: 2868734499587076571}
  m_PrefabAsset: {fileID: 0}
--- !u!1001 &3821135729481522846
PrefabInstance:
  m_ObjectHideFlags: 0
  serializedVersion: 2
  m_Modification:
    m_TransformParent: {fileID: 1909034438530100570}
    m_Modifications:
    - target: {fileID: 637697423228636780, guid: b19c311c93319b24e85a2688033ed167,
        type: 3}
      propertyPath: m_Name
      value: Platform (2)
      objectReference: {fileID: 0}
    - target: {fileID: 1247243938627823776, guid: b19c311c93319b24e85a2688033ed167,
        type: 3}
      propertyPath: m_LocalPosition.x
      value: 1.9409995
      objectReference: {fileID: 0}
    - target: {fileID: 1247243938627823776, guid: b19c311c93319b24e85a2688033ed167,
        type: 3}
      propertyPath: m_LocalPosition.y
      value: 0.49
      objectReference: {fileID: 0}
    - target: {fileID: 1247243938627823776, guid: b19c311c93319b24e85a2688033ed167,
        type: 3}
      propertyPath: m_LocalPosition.z
      value: 0
      objectReference: {fileID: 0}
    - target: {fileID: 1247243938627823776, guid: b19c311c93319b24e85a2688033ed167,
        type: 3}
      propertyPath: m_LocalRotation.x
      value: -0
      objectReference: {fileID: 0}
    - target: {fileID: 1247243938627823776, guid: b19c311c93319b24e85a2688033ed167,
        type: 3}
      propertyPath: m_LocalRotation.y
      value: -0
      objectReference: {fileID: 0}
    - target: {fileID: 1247243938627823776, guid: b19c311c93319b24e85a2688033ed167,
        type: 3}
      propertyPath: m_LocalRotation.z
      value: -0
      objectReference: {fileID: 0}
    - target: {fileID: 1247243938627823776, guid: b19c311c93319b24e85a2688033ed167,
        type: 3}
      propertyPath: m_LocalRotation.w
      value: 1
      objectReference: {fileID: 0}
    - target: {fileID: 1247243938627823776, guid: b19c311c93319b24e85a2688033ed167,
        type: 3}
      propertyPath: m_RootOrder
      value: 0
      objectReference: {fileID: 0}
    - target: {fileID: 1247243938627823776, guid: b19c311c93319b24e85a2688033ed167,
        type: 3}
      propertyPath: m_LocalEulerAnglesHint.x
      value: 0
      objectReference: {fileID: 0}
    - target: {fileID: 1247243938627823776, guid: b19c311c93319b24e85a2688033ed167,
        type: 3}
      propertyPath: m_LocalEulerAnglesHint.y
      value: 0
      objectReference: {fileID: 0}
    - target: {fileID: 1247243938627823776, guid: b19c311c93319b24e85a2688033ed167,
        type: 3}
      propertyPath: m_LocalEulerAnglesHint.z
      value: 0
      objectReference: {fileID: 0}
    - target: {fileID: 1247243938627823776, guid: b19c311c93319b24e85a2688033ed167,
        type: 3}
      propertyPath: m_LocalScale.x
      value: 2.4503934
      objectReference: {fileID: 0}
    m_RemovedComponents: []
  m_SourcePrefab: {fileID: 100100000, guid: b19c311c93319b24e85a2688033ed167, type: 3}
--- !u!4 &2614479712976057918 stripped
Transform:
  m_CorrespondingSourceObject: {fileID: 1247243938627823776, guid: b19c311c93319b24e85a2688033ed167,
    type: 3}
  m_PrefabInstance: {fileID: 3821135729481522846}
  m_PrefabAsset: {fileID: 0}
--- !u!1001 &4201485368313059598
PrefabInstance:
  m_ObjectHideFlags: 0
  serializedVersion: 2
  m_Modification:
    m_TransformParent: {fileID: 1909034438530100570}
    m_Modifications:
    - target: {fileID: 637697423228636780, guid: b19c311c93319b24e85a2688033ed167,
        type: 3}
      propertyPath: m_Name
      value: Platform (1)
      objectReference: {fileID: 0}
    - target: {fileID: 1247243938627823776, guid: b19c311c93319b24e85a2688033ed167,
        type: 3}
      propertyPath: m_LocalPosition.x
      value: 1.9409995
      objectReference: {fileID: 0}
    - target: {fileID: 1247243938627823776, guid: b19c311c93319b24e85a2688033ed167,
        type: 3}
      propertyPath: m_LocalPosition.y
      value: 0.49
      objectReference: {fileID: 0}
    - target: {fileID: 1247243938627823776, guid: b19c311c93319b24e85a2688033ed167,
        type: 3}
      propertyPath: m_LocalPosition.z
      value: 0
      objectReference: {fileID: 0}
    - target: {fileID: 1247243938627823776, guid: b19c311c93319b24e85a2688033ed167,
        type: 3}
      propertyPath: m_LocalRotation.x
      value: -0
      objectReference: {fileID: 0}
    - target: {fileID: 1247243938627823776, guid: b19c311c93319b24e85a2688033ed167,
        type: 3}
      propertyPath: m_LocalRotation.y
      value: -0
      objectReference: {fileID: 0}
    - target: {fileID: 1247243938627823776, guid: b19c311c93319b24e85a2688033ed167,
        type: 3}
      propertyPath: m_LocalRotation.z
      value: -0
      objectReference: {fileID: 0}
    - target: {fileID: 1247243938627823776, guid: b19c311c93319b24e85a2688033ed167,
        type: 3}
      propertyPath: m_LocalRotation.w
      value: 1
      objectReference: {fileID: 0}
    - target: {fileID: 1247243938627823776, guid: b19c311c93319b24e85a2688033ed167,
        type: 3}
      propertyPath: m_RootOrder
      value: 6
      objectReference: {fileID: 0}
    - target: {fileID: 1247243938627823776, guid: b19c311c93319b24e85a2688033ed167,
        type: 3}
      propertyPath: m_LocalEulerAnglesHint.x
      value: 0
      objectReference: {fileID: 0}
    - target: {fileID: 1247243938627823776, guid: b19c311c93319b24e85a2688033ed167,
        type: 3}
      propertyPath: m_LocalEulerAnglesHint.y
      value: 0
      objectReference: {fileID: 0}
    - target: {fileID: 1247243938627823776, guid: b19c311c93319b24e85a2688033ed167,
        type: 3}
      propertyPath: m_LocalEulerAnglesHint.z
      value: 0
      objectReference: {fileID: 0}
    - target: {fileID: 1247243938627823776, guid: b19c311c93319b24e85a2688033ed167,
        type: 3}
      propertyPath: m_LocalScale.x
      value: 2.4503934
      objectReference: {fileID: 0}
    m_RemovedComponents: []
  m_SourcePrefab: {fileID: 100100000, guid: b19c311c93319b24e85a2688033ed167, type: 3}
--- !u!4 &3098957509594362286 stripped
Transform:
  m_CorrespondingSourceObject: {fileID: 1247243938627823776, guid: b19c311c93319b24e85a2688033ed167,
    type: 3}
  m_PrefabInstance: {fileID: 4201485368313059598}
  m_PrefabAsset: {fileID: 0}
--- !u!1001 &4285236304340261810
PrefabInstance:
  m_ObjectHideFlags: 0
  serializedVersion: 2
  m_Modification:
    m_TransformParent: {fileID: 1993470779073887502}
    m_Modifications:
    - target: {fileID: 7180974181317732541, guid: 640780bfe7a5a0e4c83d0c7e6fc61dcc,
        type: 3}
      propertyPath: m_Name
      value: Sphere
      objectReference: {fileID: 0}
    - target: {fileID: 7180974181317732536, guid: 640780bfe7a5a0e4c83d0c7e6fc61dcc,
        type: 3}
      propertyPath: m_LocalPosition.x
      value: 16.6957
      objectReference: {fileID: 0}
    - target: {fileID: 7180974181317732536, guid: 640780bfe7a5a0e4c83d0c7e6fc61dcc,
        type: 3}
      propertyPath: m_LocalPosition.y
      value: 2.3203115
      objectReference: {fileID: 0}
    - target: {fileID: 7180974181317732536, guid: 640780bfe7a5a0e4c83d0c7e6fc61dcc,
        type: 3}
      propertyPath: m_LocalPosition.z
      value: 0
      objectReference: {fileID: 0}
    - target: {fileID: 7180974181317732536, guid: 640780bfe7a5a0e4c83d0c7e6fc61dcc,
        type: 3}
      propertyPath: m_LocalRotation.x
      value: -0
      objectReference: {fileID: 0}
    - target: {fileID: 7180974181317732536, guid: 640780bfe7a5a0e4c83d0c7e6fc61dcc,
        type: 3}
      propertyPath: m_LocalRotation.y
      value: -0
      objectReference: {fileID: 0}
    - target: {fileID: 7180974181317732536, guid: 640780bfe7a5a0e4c83d0c7e6fc61dcc,
        type: 3}
      propertyPath: m_LocalRotation.z
      value: -0
      objectReference: {fileID: 0}
    - target: {fileID: 7180974181317732536, guid: 640780bfe7a5a0e4c83d0c7e6fc61dcc,
        type: 3}
      propertyPath: m_LocalRotation.w
      value: 1
      objectReference: {fileID: 0}
    - target: {fileID: 7180974181317732536, guid: 640780bfe7a5a0e4c83d0c7e6fc61dcc,
        type: 3}
      propertyPath: m_RootOrder
      value: 9
      objectReference: {fileID: 0}
    - target: {fileID: 7180974181317732536, guid: 640780bfe7a5a0e4c83d0c7e6fc61dcc,
        type: 3}
      propertyPath: m_LocalEulerAnglesHint.x
      value: 0
      objectReference: {fileID: 0}
    - target: {fileID: 7180974181317732536, guid: 640780bfe7a5a0e4c83d0c7e6fc61dcc,
        type: 3}
      propertyPath: m_LocalEulerAnglesHint.y
      value: 0
      objectReference: {fileID: 0}
    - target: {fileID: 7180974181317732536, guid: 640780bfe7a5a0e4c83d0c7e6fc61dcc,
        type: 3}
      propertyPath: m_LocalEulerAnglesHint.z
      value: 0
      objectReference: {fileID: 0}
    m_RemovedComponents: []
  m_SourcePrefab: {fileID: 100100000, guid: 640780bfe7a5a0e4c83d0c7e6fc61dcc, type: 3}
--- !u!4 &6404055234535944970 stripped
Transform:
  m_CorrespondingSourceObject: {fileID: 7180974181317732536, guid: 640780bfe7a5a0e4c83d0c7e6fc61dcc,
    type: 3}
  m_PrefabInstance: {fileID: 4285236304340261810}
  m_PrefabAsset: {fileID: 0}
--- !u!1001 &4359933055978768042
PrefabInstance:
  m_ObjectHideFlags: 0
  serializedVersion: 2
  m_Modification:
    m_TransformParent: {fileID: 4090626960612024343}
    m_Modifications:
    - target: {fileID: 4881776055441375378, guid: f93f8076093a5c9419a6e7689e88c492,
        type: 3}
      propertyPath: m_Name
      value: ObstacleShort
      objectReference: {fileID: 0}
    - target: {fileID: 4881776055441375380, guid: f93f8076093a5c9419a6e7689e88c492,
        type: 3}
      propertyPath: m_LocalPosition.x
      value: 8.436403
      objectReference: {fileID: 0}
    - target: {fileID: 4881776055441375380, guid: f93f8076093a5c9419a6e7689e88c492,
        type: 3}
      propertyPath: m_LocalPosition.y
      value: 1.574484
      objectReference: {fileID: 0}
    - target: {fileID: 4881776055441375380, guid: f93f8076093a5c9419a6e7689e88c492,
        type: 3}
      propertyPath: m_LocalPosition.z
      value: 0
      objectReference: {fileID: 0}
    - target: {fileID: 4881776055441375380, guid: f93f8076093a5c9419a6e7689e88c492,
        type: 3}
      propertyPath: m_LocalRotation.x
      value: -0
      objectReference: {fileID: 0}
    - target: {fileID: 4881776055441375380, guid: f93f8076093a5c9419a6e7689e88c492,
        type: 3}
      propertyPath: m_LocalRotation.y
      value: -0
      objectReference: {fileID: 0}
    - target: {fileID: 4881776055441375380, guid: f93f8076093a5c9419a6e7689e88c492,
        type: 3}
      propertyPath: m_LocalRotation.z
      value: -0
      objectReference: {fileID: 0}
    - target: {fileID: 4881776055441375380, guid: f93f8076093a5c9419a6e7689e88c492,
        type: 3}
      propertyPath: m_LocalRotation.w
      value: 1
      objectReference: {fileID: 0}
    - target: {fileID: 4881776055441375380, guid: f93f8076093a5c9419a6e7689e88c492,
        type: 3}
      propertyPath: m_RootOrder
      value: 1
      objectReference: {fileID: 0}
    - target: {fileID: 4881776055441375380, guid: f93f8076093a5c9419a6e7689e88c492,
        type: 3}
      propertyPath: m_LocalEulerAnglesHint.x
      value: 0
      objectReference: {fileID: 0}
    - target: {fileID: 4881776055441375380, guid: f93f8076093a5c9419a6e7689e88c492,
        type: 3}
      propertyPath: m_LocalEulerAnglesHint.y
      value: 0
      objectReference: {fileID: 0}
    - target: {fileID: 4881776055441375380, guid: f93f8076093a5c9419a6e7689e88c492,
        type: 3}
      propertyPath: m_LocalEulerAnglesHint.z
      value: 0
      objectReference: {fileID: 0}
    m_RemovedComponents: []
  m_SourcePrefab: {fileID: 100100000, guid: f93f8076093a5c9419a6e7689e88c492, type: 3}
--- !u!4 &9168789490600134206 stripped
Transform:
  m_CorrespondingSourceObject: {fileID: 4881776055441375380, guid: f93f8076093a5c9419a6e7689e88c492,
    type: 3}
  m_PrefabInstance: {fileID: 4359933055978768042}
  m_PrefabAsset: {fileID: 0}
--- !u!1001 &4503231434289082555
PrefabInstance:
  m_ObjectHideFlags: 0
  serializedVersion: 2
  m_Modification:
    m_TransformParent: {fileID: 1909034438530100570}
    m_Modifications:
    - target: {fileID: 637697423228636780, guid: b19c311c93319b24e85a2688033ed167,
        type: 3}
      propertyPath: m_Name
      value: Platform (7)
      objectReference: {fileID: 0}
    - target: {fileID: 1247243938627823776, guid: b19c311c93319b24e85a2688033ed167,
        type: 3}
      propertyPath: m_LocalPosition.x
      value: 19.056
      objectReference: {fileID: 0}
    - target: {fileID: 1247243938627823776, guid: b19c311c93319b24e85a2688033ed167,
        type: 3}
      propertyPath: m_LocalPosition.y
      value: -3.0699997
      objectReference: {fileID: 0}
    - target: {fileID: 1247243938627823776, guid: b19c311c93319b24e85a2688033ed167,
        type: 3}
      propertyPath: m_LocalPosition.z
      value: 0
      objectReference: {fileID: 0}
    - target: {fileID: 1247243938627823776, guid: b19c311c93319b24e85a2688033ed167,
        type: 3}
      propertyPath: m_LocalRotation.x
      value: -0
      objectReference: {fileID: 0}
    - target: {fileID: 1247243938627823776, guid: b19c311c93319b24e85a2688033ed167,
        type: 3}
      propertyPath: m_LocalRotation.y
      value: -0
      objectReference: {fileID: 0}
    - target: {fileID: 1247243938627823776, guid: b19c311c93319b24e85a2688033ed167,
        type: 3}
      propertyPath: m_LocalRotation.z
      value: -0
      objectReference: {fileID: 0}
    - target: {fileID: 1247243938627823776, guid: b19c311c93319b24e85a2688033ed167,
        type: 3}
      propertyPath: m_LocalRotation.w
      value: 1
      objectReference: {fileID: 0}
    - target: {fileID: 1247243938627823776, guid: b19c311c93319b24e85a2688033ed167,
        type: 3}
      propertyPath: m_RootOrder
      value: 5
      objectReference: {fileID: 0}
    - target: {fileID: 1247243938627823776, guid: b19c311c93319b24e85a2688033ed167,
        type: 3}
      propertyPath: m_LocalEulerAnglesHint.x
      value: 0
      objectReference: {fileID: 0}
    - target: {fileID: 1247243938627823776, guid: b19c311c93319b24e85a2688033ed167,
        type: 3}
      propertyPath: m_LocalEulerAnglesHint.y
      value: 0
      objectReference: {fileID: 0}
    - target: {fileID: 1247243938627823776, guid: b19c311c93319b24e85a2688033ed167,
        type: 3}
      propertyPath: m_LocalEulerAnglesHint.z
      value: 0
      objectReference: {fileID: 0}
    - target: {fileID: 1247243938627823776, guid: b19c311c93319b24e85a2688033ed167,
        type: 3}
      propertyPath: m_LocalScale.x
      value: 2.4503934
      objectReference: {fileID: 0}
    - target: {fileID: 1247243938627823776, guid: b19c311c93319b24e85a2688033ed167,
        type: 3}
      propertyPath: m_LocalScale.y
      value: 0.3057655
      objectReference: {fileID: 0}
    m_RemovedComponents: []
  m_SourcePrefab: {fileID: 100100000, guid: b19c311c93319b24e85a2688033ed167, type: 3}
--- !u!4 &3400684875144484891 stripped
Transform:
  m_CorrespondingSourceObject: {fileID: 1247243938627823776, guid: b19c311c93319b24e85a2688033ed167,
    type: 3}
  m_PrefabInstance: {fileID: 4503231434289082555}
  m_PrefabAsset: {fileID: 0}
--- !u!1001 &4585111025339633390
PrefabInstance:
  m_ObjectHideFlags: 0
  serializedVersion: 2
  m_Modification:
    m_TransformParent: {fileID: 1909034438530100570}
    m_Modifications:
    - target: {fileID: 637697423228636780, guid: b19c311c93319b24e85a2688033ed167,
        type: 3}
      propertyPath: m_Name
      value: Platform (3)
      objectReference: {fileID: 0}
    - target: {fileID: 1247243938627823776, guid: b19c311c93319b24e85a2688033ed167,
        type: 3}
      propertyPath: m_LocalPosition.x
      value: 15.056
      objectReference: {fileID: 0}
    - target: {fileID: 1247243938627823776, guid: b19c311c93319b24e85a2688033ed167,
        type: 3}
      propertyPath: m_LocalPosition.y
      value: 1.87
      objectReference: {fileID: 0}
    - target: {fileID: 1247243938627823776, guid: b19c311c93319b24e85a2688033ed167,
        type: 3}
      propertyPath: m_LocalPosition.z
      value: 0
      objectReference: {fileID: 0}
    - target: {fileID: 1247243938627823776, guid: b19c311c93319b24e85a2688033ed167,
        type: 3}
      propertyPath: m_LocalRotation.x
      value: -0
      objectReference: {fileID: 0}
    - target: {fileID: 1247243938627823776, guid: b19c311c93319b24e85a2688033ed167,
        type: 3}
      propertyPath: m_LocalRotation.y
      value: -0
      objectReference: {fileID: 0}
    - target: {fileID: 1247243938627823776, guid: b19c311c93319b24e85a2688033ed167,
        type: 3}
      propertyPath: m_LocalRotation.z
      value: -0
      objectReference: {fileID: 0}
    - target: {fileID: 1247243938627823776, guid: b19c311c93319b24e85a2688033ed167,
        type: 3}
      propertyPath: m_LocalRotation.w
      value: 1
      objectReference: {fileID: 0}
    - target: {fileID: 1247243938627823776, guid: b19c311c93319b24e85a2688033ed167,
        type: 3}
      propertyPath: m_RootOrder
      value: 1
      objectReference: {fileID: 0}
    - target: {fileID: 1247243938627823776, guid: b19c311c93319b24e85a2688033ed167,
        type: 3}
      propertyPath: m_LocalEulerAnglesHint.x
      value: 0
      objectReference: {fileID: 0}
    - target: {fileID: 1247243938627823776, guid: b19c311c93319b24e85a2688033ed167,
        type: 3}
      propertyPath: m_LocalEulerAnglesHint.y
      value: 0
      objectReference: {fileID: 0}
    - target: {fileID: 1247243938627823776, guid: b19c311c93319b24e85a2688033ed167,
        type: 3}
      propertyPath: m_LocalEulerAnglesHint.z
      value: 0
      objectReference: {fileID: 0}
    - target: {fileID: 1247243938627823776, guid: b19c311c93319b24e85a2688033ed167,
        type: 3}
      propertyPath: m_LocalScale.x
      value: 2.4503934
      objectReference: {fileID: 0}
    - target: {fileID: 1247243938627823776, guid: b19c311c93319b24e85a2688033ed167,
        type: 3}
      propertyPath: m_LocalScale.y
      value: 0.3057655
      objectReference: {fileID: 0}
    m_RemovedComponents: []
  m_SourcePrefab: {fileID: 100100000, guid: b19c311c93319b24e85a2688033ed167, type: 3}
--- !u!4 &3381798623761344078 stripped
Transform:
  m_CorrespondingSourceObject: {fileID: 1247243938627823776, guid: b19c311c93319b24e85a2688033ed167,
    type: 3}
  m_PrefabInstance: {fileID: 4585111025339633390}
  m_PrefabAsset: {fileID: 0}
--- !u!1001 &5667693003037943349
PrefabInstance:
  m_ObjectHideFlags: 0
  serializedVersion: 2
  m_Modification:
    m_TransformParent: {fileID: 1993470779073887502}
    m_Modifications:
    - target: {fileID: 7180974181317732541, guid: 640780bfe7a5a0e4c83d0c7e6fc61dcc,
        type: 3}
      propertyPath: m_Name
      value: Sphere (4)
      objectReference: {fileID: 0}
    - target: {fileID: 7180974181317732536, guid: 640780bfe7a5a0e4c83d0c7e6fc61dcc,
        type: 3}
      propertyPath: m_LocalPosition.x
      value: 17.9
      objectReference: {fileID: 0}
    - target: {fileID: 7180974181317732536, guid: 640780bfe7a5a0e4c83d0c7e6fc61dcc,
        type: 3}
      propertyPath: m_LocalPosition.y
      value: -0.03
      objectReference: {fileID: 0}
    - target: {fileID: 7180974181317732536, guid: 640780bfe7a5a0e4c83d0c7e6fc61dcc,
        type: 3}
      propertyPath: m_LocalPosition.z
      value: 0
      objectReference: {fileID: 0}
    - target: {fileID: 7180974181317732536, guid: 640780bfe7a5a0e4c83d0c7e6fc61dcc,
        type: 3}
      propertyPath: m_LocalRotation.x
      value: -0
      objectReference: {fileID: 0}
    - target: {fileID: 7180974181317732536, guid: 640780bfe7a5a0e4c83d0c7e6fc61dcc,
        type: 3}
      propertyPath: m_LocalRotation.y
      value: -0
      objectReference: {fileID: 0}
    - target: {fileID: 7180974181317732536, guid: 640780bfe7a5a0e4c83d0c7e6fc61dcc,
        type: 3}
      propertyPath: m_LocalRotation.z
      value: -0
      objectReference: {fileID: 0}
    - target: {fileID: 7180974181317732536, guid: 640780bfe7a5a0e4c83d0c7e6fc61dcc,
        type: 3}
      propertyPath: m_LocalRotation.w
      value: 1
      objectReference: {fileID: 0}
    - target: {fileID: 7180974181317732536, guid: 640780bfe7a5a0e4c83d0c7e6fc61dcc,
        type: 3}
      propertyPath: m_RootOrder
      value: 5
      objectReference: {fileID: 0}
    - target: {fileID: 7180974181317732536, guid: 640780bfe7a5a0e4c83d0c7e6fc61dcc,
        type: 3}
      propertyPath: m_LocalEulerAnglesHint.x
      value: 0
      objectReference: {fileID: 0}
    - target: {fileID: 7180974181317732536, guid: 640780bfe7a5a0e4c83d0c7e6fc61dcc,
        type: 3}
      propertyPath: m_LocalEulerAnglesHint.y
      value: 0
      objectReference: {fileID: 0}
    - target: {fileID: 7180974181317732536, guid: 640780bfe7a5a0e4c83d0c7e6fc61dcc,
        type: 3}
      propertyPath: m_LocalEulerAnglesHint.z
      value: 0
      objectReference: {fileID: 0}
    m_RemovedComponents: []
  m_SourcePrefab: {fileID: 100100000, guid: 640780bfe7a5a0e4c83d0c7e6fc61dcc, type: 3}
--- !u!4 &3242663446331444877 stripped
Transform:
  m_CorrespondingSourceObject: {fileID: 7180974181317732536, guid: 640780bfe7a5a0e4c83d0c7e6fc61dcc,
    type: 3}
  m_PrefabInstance: {fileID: 5667693003037943349}
  m_PrefabAsset: {fileID: 0}
--- !u!1001 &5669447720066050054
PrefabInstance:
  m_ObjectHideFlags: 0
  serializedVersion: 2
  m_Modification:
    m_TransformParent: {fileID: 3031276514862587468}
    m_Modifications:
    - target: {fileID: 2934587624247005558, guid: e25b6614d22c84945ba90b31261cbead,
        type: 3}
      propertyPath: m_Name
      value: FallCollider (1)
      objectReference: {fileID: 0}
    - target: {fileID: 2934587624247005547, guid: e25b6614d22c84945ba90b31261cbead,
        type: 3}
      propertyPath: m_LocalPosition.x
      value: 19.379976
      objectReference: {fileID: 0}
    - target: {fileID: 2934587624247005547, guid: e25b6614d22c84945ba90b31261cbead,
        type: 3}
      propertyPath: m_LocalPosition.y
      value: -5.3490467
      objectReference: {fileID: 0}
    - target: {fileID: 2934587624247005547, guid: e25b6614d22c84945ba90b31261cbead,
        type: 3}
      propertyPath: m_LocalPosition.z
      value: 0
      objectReference: {fileID: 0}
    - target: {fileID: 2934587624247005547, guid: e25b6614d22c84945ba90b31261cbead,
        type: 3}
      propertyPath: m_LocalRotation.x
      value: -0
      objectReference: {fileID: 0}
    - target: {fileID: 2934587624247005547, guid: e25b6614d22c84945ba90b31261cbead,
        type: 3}
      propertyPath: m_LocalRotation.y
      value: -0
      objectReference: {fileID: 0}
    - target: {fileID: 2934587624247005547, guid: e25b6614d22c84945ba90b31261cbead,
        type: 3}
      propertyPath: m_LocalRotation.z
      value: -0
      objectReference: {fileID: 0}
    - target: {fileID: 2934587624247005547, guid: e25b6614d22c84945ba90b31261cbead,
        type: 3}
      propertyPath: m_LocalRotation.w
      value: 1
      objectReference: {fileID: 0}
    - target: {fileID: 2934587624247005547, guid: e25b6614d22c84945ba90b31261cbead,
        type: 3}
      propertyPath: m_RootOrder
      value: 1
      objectReference: {fileID: 0}
    - target: {fileID: 2934587624247005547, guid: e25b6614d22c84945ba90b31261cbead,
        type: 3}
      propertyPath: m_LocalEulerAnglesHint.x
      value: 0
      objectReference: {fileID: 0}
    - target: {fileID: 2934587624247005547, guid: e25b6614d22c84945ba90b31261cbead,
        type: 3}
      propertyPath: m_LocalEulerAnglesHint.y
      value: 0
      objectReference: {fileID: 0}
    - target: {fileID: 2934587624247005547, guid: e25b6614d22c84945ba90b31261cbead,
        type: 3}
      propertyPath: m_LocalEulerAnglesHint.z
      value: 0
      objectReference: {fileID: 0}
    - target: {fileID: 2934587624247005544, guid: e25b6614d22c84945ba90b31261cbead,
        type: 3}
      propertyPath: m_Size.x
      value: 4.1082916
      objectReference: {fileID: 0}
    - target: {fileID: 2934587624247005544, guid: e25b6614d22c84945ba90b31261cbead,
        type: 3}
      propertyPath: m_Center.x
      value: -0.7723427
      objectReference: {fileID: 0}
    m_RemovedComponents: []
  m_SourcePrefab: {fileID: 100100000, guid: e25b6614d22c84945ba90b31261cbead, type: 3}
--- !u!4 &7355595680417544557 stripped
Transform:
  m_CorrespondingSourceObject: {fileID: 2934587624247005547, guid: e25b6614d22c84945ba90b31261cbead,
    type: 3}
  m_PrefabInstance: {fileID: 5669447720066050054}
  m_PrefabAsset: {fileID: 0}
--- !u!1001 &5702764943009027476
PrefabInstance:
  m_ObjectHideFlags: 0
  serializedVersion: 2
  m_Modification:
    m_TransformParent: {fileID: 1909034438530100570}
    m_Modifications:
    - target: {fileID: 637697423228636780, guid: b19c311c93319b24e85a2688033ed167,
        type: 3}
      propertyPath: m_Name
      value: Platform (4)
      objectReference: {fileID: 0}
    - target: {fileID: 1247243938627823776, guid: b19c311c93319b24e85a2688033ed167,
        type: 3}
      propertyPath: m_LocalPosition.x
      value: 11.796
      objectReference: {fileID: 0}
    - target: {fileID: 1247243938627823776, guid: b19c311c93319b24e85a2688033ed167,
        type: 3}
      propertyPath: m_LocalPosition.y
      value: 1.59
      objectReference: {fileID: 0}
    - target: {fileID: 1247243938627823776, guid: b19c311c93319b24e85a2688033ed167,
        type: 3}
      propertyPath: m_LocalPosition.z
      value: 0
      objectReference: {fileID: 0}
    - target: {fileID: 1247243938627823776, guid: b19c311c93319b24e85a2688033ed167,
        type: 3}
      propertyPath: m_LocalRotation.x
      value: -0
      objectReference: {fileID: 0}
    - target: {fileID: 1247243938627823776, guid: b19c311c93319b24e85a2688033ed167,
        type: 3}
      propertyPath: m_LocalRotation.y
      value: -0
      objectReference: {fileID: 0}
    - target: {fileID: 1247243938627823776, guid: b19c311c93319b24e85a2688033ed167,
        type: 3}
      propertyPath: m_LocalRotation.z
      value: -0
      objectReference: {fileID: 0}
    - target: {fileID: 1247243938627823776, guid: b19c311c93319b24e85a2688033ed167,
        type: 3}
      propertyPath: m_LocalRotation.w
      value: 1
      objectReference: {fileID: 0}
    - target: {fileID: 1247243938627823776, guid: b19c311c93319b24e85a2688033ed167,
        type: 3}
      propertyPath: m_RootOrder
      value: 2
      objectReference: {fileID: 0}
    - target: {fileID: 1247243938627823776, guid: b19c311c93319b24e85a2688033ed167,
        type: 3}
      propertyPath: m_LocalEulerAnglesHint.x
      value: 0
      objectReference: {fileID: 0}
    - target: {fileID: 1247243938627823776, guid: b19c311c93319b24e85a2688033ed167,
        type: 3}
      propertyPath: m_LocalEulerAnglesHint.y
      value: 0
      objectReference: {fileID: 0}
    - target: {fileID: 1247243938627823776, guid: b19c311c93319b24e85a2688033ed167,
        type: 3}
      propertyPath: m_LocalEulerAnglesHint.z
      value: 0
      objectReference: {fileID: 0}
    - target: {fileID: 1247243938627823776, guid: b19c311c93319b24e85a2688033ed167,
        type: 3}
      propertyPath: m_LocalScale.x
      value: 2.4503934
      objectReference: {fileID: 0}
    m_RemovedComponents: []
  m_SourcePrefab: {fileID: 100100000, guid: b19c311c93319b24e85a2688033ed167, type: 3}
--- !u!4 &6803623202048261428 stripped
Transform:
  m_CorrespondingSourceObject: {fileID: 1247243938627823776, guid: b19c311c93319b24e85a2688033ed167,
    type: 3}
  m_PrefabInstance: {fileID: 5702764943009027476}
  m_PrefabAsset: {fileID: 0}
--- !u!1001 &5832518858411696114
PrefabInstance:
  m_ObjectHideFlags: 0
  serializedVersion: 2
  m_Modification:
    m_TransformParent: {fileID: 1993470779073887502}
    m_Modifications:
    - target: {fileID: 7180974181317732541, guid: 640780bfe7a5a0e4c83d0c7e6fc61dcc,
        type: 3}
      propertyPath: m_Name
      value: Sphere (9)
      objectReference: {fileID: 0}
    - target: {fileID: 7180974181317732536, guid: 640780bfe7a5a0e4c83d0c7e6fc61dcc,
        type: 3}
      propertyPath: m_LocalPosition.x
      value: 16.10599
      objectReference: {fileID: 0}
    - target: {fileID: 7180974181317732536, guid: 640780bfe7a5a0e4c83d0c7e6fc61dcc,
        type: 3}
      propertyPath: m_LocalPosition.y
      value: 2.3299956
      objectReference: {fileID: 0}
    - target: {fileID: 7180974181317732536, guid: 640780bfe7a5a0e4c83d0c7e6fc61dcc,
        type: 3}
      propertyPath: m_LocalPosition.z
      value: 0
      objectReference: {fileID: 0}
    - target: {fileID: 7180974181317732536, guid: 640780bfe7a5a0e4c83d0c7e6fc61dcc,
        type: 3}
      propertyPath: m_LocalRotation.x
      value: -0
      objectReference: {fileID: 0}
    - target: {fileID: 7180974181317732536, guid: 640780bfe7a5a0e4c83d0c7e6fc61dcc,
        type: 3}
      propertyPath: m_LocalRotation.y
      value: -0
      objectReference: {fileID: 0}
    - target: {fileID: 7180974181317732536, guid: 640780bfe7a5a0e4c83d0c7e6fc61dcc,
        type: 3}
      propertyPath: m_LocalRotation.z
      value: -0
      objectReference: {fileID: 0}
    - target: {fileID: 7180974181317732536, guid: 640780bfe7a5a0e4c83d0c7e6fc61dcc,
        type: 3}
      propertyPath: m_LocalRotation.w
      value: 1
      objectReference: {fileID: 0}
    - target: {fileID: 7180974181317732536, guid: 640780bfe7a5a0e4c83d0c7e6fc61dcc,
        type: 3}
      propertyPath: m_RootOrder
      value: 0
      objectReference: {fileID: 0}
    - target: {fileID: 7180974181317732536, guid: 640780bfe7a5a0e4c83d0c7e6fc61dcc,
        type: 3}
      propertyPath: m_LocalEulerAnglesHint.x
      value: 0
      objectReference: {fileID: 0}
    - target: {fileID: 7180974181317732536, guid: 640780bfe7a5a0e4c83d0c7e6fc61dcc,
        type: 3}
      propertyPath: m_LocalEulerAnglesHint.y
      value: 0
      objectReference: {fileID: 0}
    - target: {fileID: 7180974181317732536, guid: 640780bfe7a5a0e4c83d0c7e6fc61dcc,
        type: 3}
      propertyPath: m_LocalEulerAnglesHint.z
      value: 0
      objectReference: {fileID: 0}
    m_RemovedComponents: []
  m_SourcePrefab: {fileID: 100100000, guid: 640780bfe7a5a0e4c83d0c7e6fc61dcc, type: 3}
--- !u!4 &3699343187208615754 stripped
Transform:
  m_CorrespondingSourceObject: {fileID: 7180974181317732536, guid: 640780bfe7a5a0e4c83d0c7e6fc61dcc,
    type: 3}
  m_PrefabInstance: {fileID: 5832518858411696114}
  m_PrefabAsset: {fileID: 0}
--- !u!1001 &6491806176912063085
PrefabInstance:
  m_ObjectHideFlags: 0
  serializedVersion: 2
  m_Modification:
    m_TransformParent: {fileID: 1993470779073887502}
    m_Modifications:
    - target: {fileID: 7180974181317732541, guid: 640780bfe7a5a0e4c83d0c7e6fc61dcc,
        type: 3}
      propertyPath: m_Name
      value: Sphere (5)
      objectReference: {fileID: 0}
    - target: {fileID: 7180974181317732536, guid: 640780bfe7a5a0e4c83d0c7e6fc61dcc,
        type: 3}
      propertyPath: m_LocalPosition.x
      value: 18.06
      objectReference: {fileID: 0}
    - target: {fileID: 7180974181317732536, guid: 640780bfe7a5a0e4c83d0c7e6fc61dcc,
        type: 3}
      propertyPath: m_LocalPosition.y
      value: -0.69
      objectReference: {fileID: 0}
    - target: {fileID: 7180974181317732536, guid: 640780bfe7a5a0e4c83d0c7e6fc61dcc,
        type: 3}
      propertyPath: m_LocalPosition.z
      value: 0
      objectReference: {fileID: 0}
    - target: {fileID: 7180974181317732536, guid: 640780bfe7a5a0e4c83d0c7e6fc61dcc,
        type: 3}
      propertyPath: m_LocalRotation.x
      value: -0
      objectReference: {fileID: 0}
    - target: {fileID: 7180974181317732536, guid: 640780bfe7a5a0e4c83d0c7e6fc61dcc,
        type: 3}
      propertyPath: m_LocalRotation.y
      value: -0
      objectReference: {fileID: 0}
    - target: {fileID: 7180974181317732536, guid: 640780bfe7a5a0e4c83d0c7e6fc61dcc,
        type: 3}
      propertyPath: m_LocalRotation.z
      value: -0
      objectReference: {fileID: 0}
    - target: {fileID: 7180974181317732536, guid: 640780bfe7a5a0e4c83d0c7e6fc61dcc,
        type: 3}
      propertyPath: m_LocalRotation.w
      value: 1
      objectReference: {fileID: 0}
    - target: {fileID: 7180974181317732536, guid: 640780bfe7a5a0e4c83d0c7e6fc61dcc,
        type: 3}
      propertyPath: m_RootOrder
      value: 4
      objectReference: {fileID: 0}
    - target: {fileID: 7180974181317732536, guid: 640780bfe7a5a0e4c83d0c7e6fc61dcc,
        type: 3}
      propertyPath: m_LocalEulerAnglesHint.x
      value: 0
      objectReference: {fileID: 0}
    - target: {fileID: 7180974181317732536, guid: 640780bfe7a5a0e4c83d0c7e6fc61dcc,
        type: 3}
      propertyPath: m_LocalEulerAnglesHint.y
      value: 0
      objectReference: {fileID: 0}
    - target: {fileID: 7180974181317732536, guid: 640780bfe7a5a0e4c83d0c7e6fc61dcc,
        type: 3}
      propertyPath: m_LocalEulerAnglesHint.z
      value: 0
      objectReference: {fileID: 0}
    m_RemovedComponents: []
  m_SourcePrefab: {fileID: 100100000, guid: 640780bfe7a5a0e4c83d0c7e6fc61dcc, type: 3}
--- !u!4 &4156952928968921813 stripped
Transform:
  m_CorrespondingSourceObject: {fileID: 7180974181317732536, guid: 640780bfe7a5a0e4c83d0c7e6fc61dcc,
    type: 3}
  m_PrefabInstance: {fileID: 6491806176912063085}
  m_PrefabAsset: {fileID: 0}
--- !u!1001 &6671778404164893358
PrefabInstance:
  m_ObjectHideFlags: 0
  serializedVersion: 2
  m_Modification:
    m_TransformParent: {fileID: 1993470779073887502}
    m_Modifications:
    - target: {fileID: 7180974181317732541, guid: 640780bfe7a5a0e4c83d0c7e6fc61dcc,
        type: 3}
      propertyPath: m_Name
      value: Sphere (1)
      objectReference: {fileID: 0}
    - target: {fileID: 7180974181317732536, guid: 640780bfe7a5a0e4c83d0c7e6fc61dcc,
        type: 3}
      propertyPath: m_LocalPosition.x
      value: 17.29
      objectReference: {fileID: 0}
    - target: {fileID: 7180974181317732536, guid: 640780bfe7a5a0e4c83d0c7e6fc61dcc,
        type: 3}
      propertyPath: m_LocalPosition.y
      value: 1.92
      objectReference: {fileID: 0}
    - target: {fileID: 7180974181317732536, guid: 640780bfe7a5a0e4c83d0c7e6fc61dcc,
        type: 3}
      propertyPath: m_LocalPosition.z
      value: 0
      objectReference: {fileID: 0}
    - target: {fileID: 7180974181317732536, guid: 640780bfe7a5a0e4c83d0c7e6fc61dcc,
        type: 3}
      propertyPath: m_LocalRotation.x
      value: -0
      objectReference: {fileID: 0}
    - target: {fileID: 7180974181317732536, guid: 640780bfe7a5a0e4c83d0c7e6fc61dcc,
        type: 3}
      propertyPath: m_LocalRotation.y
      value: -0
      objectReference: {fileID: 0}
    - target: {fileID: 7180974181317732536, guid: 640780bfe7a5a0e4c83d0c7e6fc61dcc,
        type: 3}
      propertyPath: m_LocalRotation.z
      value: -0
      objectReference: {fileID: 0}
    - target: {fileID: 7180974181317732536, guid: 640780bfe7a5a0e4c83d0c7e6fc61dcc,
        type: 3}
      propertyPath: m_LocalRotation.w
      value: 1
      objectReference: {fileID: 0}
    - target: {fileID: 7180974181317732536, guid: 640780bfe7a5a0e4c83d0c7e6fc61dcc,
        type: 3}
      propertyPath: m_RootOrder
      value: 8
      objectReference: {fileID: 0}
    - target: {fileID: 7180974181317732536, guid: 640780bfe7a5a0e4c83d0c7e6fc61dcc,
        type: 3}
      propertyPath: m_LocalEulerAnglesHint.x
      value: 0
      objectReference: {fileID: 0}
    - target: {fileID: 7180974181317732536, guid: 640780bfe7a5a0e4c83d0c7e6fc61dcc,
        type: 3}
      propertyPath: m_LocalEulerAnglesHint.y
      value: 0
      objectReference: {fileID: 0}
    - target: {fileID: 7180974181317732536, guid: 640780bfe7a5a0e4c83d0c7e6fc61dcc,
        type: 3}
      propertyPath: m_LocalEulerAnglesHint.z
      value: 0
      objectReference: {fileID: 0}
    m_RemovedComponents: []
  m_SourcePrefab: {fileID: 100100000, guid: 640780bfe7a5a0e4c83d0c7e6fc61dcc, type: 3}
--- !u!4 &4553450267402506774 stripped
Transform:
  m_CorrespondingSourceObject: {fileID: 7180974181317732536, guid: 640780bfe7a5a0e4c83d0c7e6fc61dcc,
    type: 3}
  m_PrefabInstance: {fileID: 6671778404164893358}
  m_PrefabAsset: {fileID: 0}
--- !u!1001 &7179051482662378275
PrefabInstance:
  m_ObjectHideFlags: 0
  serializedVersion: 2
  m_Modification:
    m_TransformParent: {fileID: 1993470779073887502}
    m_Modifications:
    - target: {fileID: 7180974181317732541, guid: 640780bfe7a5a0e4c83d0c7e6fc61dcc,
        type: 3}
      propertyPath: m_Name
      value: Sphere (6)
      objectReference: {fileID: 0}
    - target: {fileID: 7180974181317732536, guid: 640780bfe7a5a0e4c83d0c7e6fc61dcc,
        type: 3}
      propertyPath: m_LocalPosition.x
      value: 18.14
      objectReference: {fileID: 0}
    - target: {fileID: 7180974181317732536, guid: 640780bfe7a5a0e4c83d0c7e6fc61dcc,
        type: 3}
      propertyPath: m_LocalPosition.y
      value: -1.28
      objectReference: {fileID: 0}
    - target: {fileID: 7180974181317732536, guid: 640780bfe7a5a0e4c83d0c7e6fc61dcc,
        type: 3}
      propertyPath: m_LocalPosition.z
      value: 0
      objectReference: {fileID: 0}
    - target: {fileID: 7180974181317732536, guid: 640780bfe7a5a0e4c83d0c7e6fc61dcc,
        type: 3}
      propertyPath: m_LocalRotation.x
      value: -0
      objectReference: {fileID: 0}
    - target: {fileID: 7180974181317732536, guid: 640780bfe7a5a0e4c83d0c7e6fc61dcc,
        type: 3}
      propertyPath: m_LocalRotation.y
      value: -0
      objectReference: {fileID: 0}
    - target: {fileID: 7180974181317732536, guid: 640780bfe7a5a0e4c83d0c7e6fc61dcc,
        type: 3}
      propertyPath: m_LocalRotation.z
      value: -0
      objectReference: {fileID: 0}
    - target: {fileID: 7180974181317732536, guid: 640780bfe7a5a0e4c83d0c7e6fc61dcc,
        type: 3}
      propertyPath: m_LocalRotation.w
      value: 1
      objectReference: {fileID: 0}
    - target: {fileID: 7180974181317732536, guid: 640780bfe7a5a0e4c83d0c7e6fc61dcc,
        type: 3}
      propertyPath: m_RootOrder
      value: 3
      objectReference: {fileID: 0}
    - target: {fileID: 7180974181317732536, guid: 640780bfe7a5a0e4c83d0c7e6fc61dcc,
        type: 3}
      propertyPath: m_LocalEulerAnglesHint.x
      value: 0
      objectReference: {fileID: 0}
    - target: {fileID: 7180974181317732536, guid: 640780bfe7a5a0e4c83d0c7e6fc61dcc,
        type: 3}
      propertyPath: m_LocalEulerAnglesHint.y
      value: 0
      objectReference: {fileID: 0}
    - target: {fileID: 7180974181317732536, guid: 640780bfe7a5a0e4c83d0c7e6fc61dcc,
        type: 3}
      propertyPath: m_LocalEulerAnglesHint.z
      value: 0
      objectReference: {fileID: 0}
    m_RemovedComponents: []
  m_SourcePrefab: {fileID: 100100000, guid: 640780bfe7a5a0e4c83d0c7e6fc61dcc, type: 3}
--- !u!4 &1949095801713563 stripped
Transform:
  m_CorrespondingSourceObject: {fileID: 7180974181317732536, guid: 640780bfe7a5a0e4c83d0c7e6fc61dcc,
    type: 3}
  m_PrefabInstance: {fileID: 7179051482662378275}
  m_PrefabAsset: {fileID: 0}
--- !u!1001 &7196204024244450734
PrefabInstance:
  m_ObjectHideFlags: 0
  serializedVersion: 2
  m_Modification:
    m_TransformParent: {fileID: 1993470779073887502}
    m_Modifications:
    - target: {fileID: 7180974181317732541, guid: 640780bfe7a5a0e4c83d0c7e6fc61dcc,
        type: 3}
      propertyPath: m_Name
      value: Sphere (2)
      objectReference: {fileID: 0}
    - target: {fileID: 7180974181317732536, guid: 640780bfe7a5a0e4c83d0c7e6fc61dcc,
        type: 3}
      propertyPath: m_LocalPosition.x
      value: 17.63
      objectReference: {fileID: 0}
    - target: {fileID: 7180974181317732536, guid: 640780bfe7a5a0e4c83d0c7e6fc61dcc,
        type: 3}
      propertyPath: m_LocalPosition.y
      value: 1.27
      objectReference: {fileID: 0}
    - target: {fileID: 7180974181317732536, guid: 640780bfe7a5a0e4c83d0c7e6fc61dcc,
        type: 3}
      propertyPath: m_LocalPosition.z
      value: 0
      objectReference: {fileID: 0}
    - target: {fileID: 7180974181317732536, guid: 640780bfe7a5a0e4c83d0c7e6fc61dcc,
        type: 3}
      propertyPath: m_LocalRotation.x
      value: -0
      objectReference: {fileID: 0}
    - target: {fileID: 7180974181317732536, guid: 640780bfe7a5a0e4c83d0c7e6fc61dcc,
        type: 3}
      propertyPath: m_LocalRotation.y
      value: -0
      objectReference: {fileID: 0}
    - target: {fileID: 7180974181317732536, guid: 640780bfe7a5a0e4c83d0c7e6fc61dcc,
        type: 3}
      propertyPath: m_LocalRotation.z
      value: -0
      objectReference: {fileID: 0}
    - target: {fileID: 7180974181317732536, guid: 640780bfe7a5a0e4c83d0c7e6fc61dcc,
        type: 3}
      propertyPath: m_LocalRotation.w
      value: 1
      objectReference: {fileID: 0}
    - target: {fileID: 7180974181317732536, guid: 640780bfe7a5a0e4c83d0c7e6fc61dcc,
        type: 3}
      propertyPath: m_RootOrder
      value: 7
      objectReference: {fileID: 0}
    - target: {fileID: 7180974181317732536, guid: 640780bfe7a5a0e4c83d0c7e6fc61dcc,
        type: 3}
      propertyPath: m_LocalEulerAnglesHint.x
      value: 0
      objectReference: {fileID: 0}
    - target: {fileID: 7180974181317732536, guid: 640780bfe7a5a0e4c83d0c7e6fc61dcc,
        type: 3}
      propertyPath: m_LocalEulerAnglesHint.y
      value: 0
      objectReference: {fileID: 0}
    - target: {fileID: 7180974181317732536, guid: 640780bfe7a5a0e4c83d0c7e6fc61dcc,
        type: 3}
      propertyPath: m_LocalEulerAnglesHint.z
      value: 0
      objectReference: {fileID: 0}
    m_RemovedComponents: []
  m_SourcePrefab: {fileID: 100100000, guid: 640780bfe7a5a0e4c83d0c7e6fc61dcc, type: 3}
--- !u!4 &34336195083394326 stripped
Transform:
  m_CorrespondingSourceObject: {fileID: 7180974181317732536, guid: 640780bfe7a5a0e4c83d0c7e6fc61dcc,
    type: 3}
  m_PrefabInstance: {fileID: 7196204024244450734}
  m_PrefabAsset: {fileID: 0}
--- !u!1001 &8807178738670496817
PrefabInstance:
  m_ObjectHideFlags: 0
  serializedVersion: 2
  m_Modification:
    m_TransformParent: {fileID: 1909034438530100570}
    m_Modifications:
    - target: {fileID: 637697423228636780, guid: b19c311c93319b24e85a2688033ed167,
        type: 3}
      propertyPath: m_Name
      value: Platform (5)
      objectReference: {fileID: 0}
    - target: {fileID: 1247243938627823776, guid: b19c311c93319b24e85a2688033ed167,
        type: 3}
      propertyPath: m_LocalPosition.x
      value: 8.5060005
      objectReference: {fileID: 0}
    - target: {fileID: 1247243938627823776, guid: b19c311c93319b24e85a2688033ed167,
        type: 3}
      propertyPath: m_LocalPosition.y
      value: 1.28
      objectReference: {fileID: 0}
    - target: {fileID: 1247243938627823776, guid: b19c311c93319b24e85a2688033ed167,
        type: 3}
      propertyPath: m_LocalPosition.z
      value: 0
      objectReference: {fileID: 0}
    - target: {fileID: 1247243938627823776, guid: b19c311c93319b24e85a2688033ed167,
        type: 3}
      propertyPath: m_LocalRotation.x
      value: -0
      objectReference: {fileID: 0}
    - target: {fileID: 1247243938627823776, guid: b19c311c93319b24e85a2688033ed167,
        type: 3}
      propertyPath: m_LocalRotation.y
      value: -0
      objectReference: {fileID: 0}
    - target: {fileID: 1247243938627823776, guid: b19c311c93319b24e85a2688033ed167,
        type: 3}
      propertyPath: m_LocalRotation.z
      value: -0
      objectReference: {fileID: 0}
    - target: {fileID: 1247243938627823776, guid: b19c311c93319b24e85a2688033ed167,
        type: 3}
      propertyPath: m_LocalRotation.w
      value: 1
      objectReference: {fileID: 0}
    - target: {fileID: 1247243938627823776, guid: b19c311c93319b24e85a2688033ed167,
        type: 3}
      propertyPath: m_RootOrder
      value: 3
      objectReference: {fileID: 0}
    - target: {fileID: 1247243938627823776, guid: b19c311c93319b24e85a2688033ed167,
        type: 3}
      propertyPath: m_LocalEulerAnglesHint.x
      value: 0
      objectReference: {fileID: 0}
    - target: {fileID: 1247243938627823776, guid: b19c311c93319b24e85a2688033ed167,
        type: 3}
      propertyPath: m_LocalEulerAnglesHint.y
      value: 0
      objectReference: {fileID: 0}
    - target: {fileID: 1247243938627823776, guid: b19c311c93319b24e85a2688033ed167,
        type: 3}
      propertyPath: m_LocalEulerAnglesHint.z
      value: 0
      objectReference: {fileID: 0}
    - target: {fileID: 1247243938627823776, guid: b19c311c93319b24e85a2688033ed167,
        type: 3}
      propertyPath: m_LocalScale.x
      value: 2.4503934
      objectReference: {fileID: 0}
    m_RemovedComponents: []
  m_SourcePrefab: {fileID: 100100000, guid: b19c311c93319b24e85a2688033ed167, type: 3}
--- !u!4 &7743512568546215057 stripped
Transform:
  m_CorrespondingSourceObject: {fileID: 1247243938627823776, guid: b19c311c93319b24e85a2688033ed167,
    type: 3}
  m_PrefabInstance: {fileID: 8807178738670496817}
  m_PrefabAsset: {fileID: 0}
