%YAML 1.1
%TAG !u! tag:unity3d.com,2011:
--- !u!1 &5497812254377634169
GameObject:
  m_ObjectHideFlags: 0
  m_CorrespondingSourceObject: {fileID: 0}
  m_PrefabInstance: {fileID: 0}
  m_PrefabAsset: {fileID: 0}
  serializedVersion: 6
  m_Component:
  - component: {fileID: 2519327189939564995}
  - component: {fileID: 1769084230090982130}
  - component: {fileID: -4502826399279625630}
  m_Layer: 0
  m_Name: Level_Section_6
  m_TagString: Untagged
  m_Icon: {fileID: 0}
  m_NavMeshLayer: 0
  m_StaticEditorFlags: 0
  m_IsActive: 1
--- !u!4 &2519327189939564995
Transform:
  m_ObjectHideFlags: 0
  m_CorrespondingSourceObject: {fileID: 0}
  m_PrefabInstance: {fileID: 0}
  m_PrefabAsset: {fileID: 0}
  m_GameObject: {fileID: 5497812254377634169}
  m_LocalRotation: {x: 0, y: 0, z: 0, w: 1}
  m_LocalPosition: {x: 7.24, y: -1.86, z: 0}
  m_LocalScale: {x: 1, y: 1, z: 1}
  m_Children:
  - {fileID: 3703862102829445424}
  - {fileID: 4584317022173584146}
  - {fileID: 4913460292867690944}
  m_Father: {fileID: 0}
  m_RootOrder: 0
  m_LocalEulerAnglesHint: {x: 0, y: 0, z: 0}
--- !u!114 &1769084230090982130
MonoBehaviour:
  m_ObjectHideFlags: 0
  m_CorrespondingSourceObject: {fileID: 0}
  m_PrefabInstance: {fileID: 0}
  m_PrefabAsset: {fileID: 0}
  m_GameObject: {fileID: 5497812254377634169}
  m_Enabled: 1
  m_EditorHideFlags: 0
  m_Script: {fileID: 11500000, guid: 3cf4adea4b12ef849af531cb442a7d81, type: 3}
  m_Name: 
  m_EditorClassIdentifier: 
  moveSpeed: 0
--- !u!114 &-4502826399279625630
MonoBehaviour:
  m_ObjectHideFlags: 0
  m_CorrespondingSourceObject: {fileID: 0}
  m_PrefabInstance: {fileID: 0}
  m_PrefabAsset: {fileID: 0}
  m_GameObject: {fileID: 5497812254377634169}
  m_Enabled: 1
  m_EditorHideFlags: 0
  m_Script: {fileID: 11500000, guid: 7c5448c2bdcdc904f92c5f7422eabb28, type: 3}
  m_Name: 
  m_EditorClassIdentifier: 
--- !u!1 &6323047915366392113
GameObject:
  m_ObjectHideFlags: 0
  m_CorrespondingSourceObject: {fileID: 0}
  m_PrefabInstance: {fileID: 0}
  m_PrefabAsset: {fileID: 0}
  serializedVersion: 6
  m_Component:
  - component: {fileID: 3703862102829445424}
  m_Layer: 0
  m_Name: EndPoint
  m_TagString: Untagged
  m_Icon: {fileID: 0}
  m_NavMeshLayer: 0
  m_StaticEditorFlags: 0
  m_IsActive: 1
--- !u!4 &3703862102829445424
Transform:
  m_ObjectHideFlags: 0
  m_CorrespondingSourceObject: {fileID: 0}
  m_PrefabInstance: {fileID: 0}
  m_PrefabAsset: {fileID: 0}
  m_GameObject: {fileID: 6323047915366392113}
  m_LocalRotation: {x: 0, y: 0, z: 0, w: 1}
  m_LocalPosition: {x: 11.481, y: 0.775, z: 0}
  m_LocalScale: {x: 1, y: 1, z: 1}
  m_Children: []
  m_Father: {fileID: 2519327189939564995}
  m_RootOrder: 0
  m_LocalEulerAnglesHint: {x: 0, y: 0, z: 0}
--- !u!1 &7010568860191156026
GameObject:
  m_ObjectHideFlags: 0
  m_CorrespondingSourceObject: {fileID: 0}
  m_PrefabInstance: {fileID: 0}
  m_PrefabAsset: {fileID: 0}
  serializedVersion: 6
  m_Component:
  - component: {fileID: 4913460292867690944}
  m_Layer: 0
  m_Name: Platforms
  m_TagString: Untagged
  m_Icon: {fileID: 0}
  m_NavMeshLayer: 0
  m_StaticEditorFlags: 0
  m_IsActive: 1
--- !u!4 &4913460292867690944
Transform:
  m_ObjectHideFlags: 0
  m_CorrespondingSourceObject: {fileID: 0}
  m_PrefabInstance: {fileID: 0}
  m_PrefabAsset: {fileID: 0}
  m_GameObject: {fileID: 7010568860191156026}
  m_LocalRotation: {x: -0, y: -0, z: -0, w: 1}
  m_LocalPosition: {x: 2.8207455, y: 3.3807302, z: 0}
  m_LocalScale: {x: 1, y: 1, z: 1}
  m_Children:
  - {fileID: 7706684104715938118}
  - {fileID: 744466003181651762}
  - {fileID: 4311604013134539364}
  m_Father: {fileID: 2519327189939564995}
  m_RootOrder: 2
  m_LocalEulerAnglesHint: {x: 0, y: 0, z: 0}
--- !u!1001 &1668438455906912889
PrefabInstance:
  m_ObjectHideFlags: 0
  serializedVersion: 2
  m_Modification:
    m_TransformParent: {fileID: 2519327189939564995}
    m_Modifications:
    - target: {fileID: 2934587624247005558, guid: e25b6614d22c84945ba90b31261cbead,
        type: 3}
      propertyPath: m_Name
      value: FallCollider
      objectReference: {fileID: 0}
    - target: {fileID: 2934587624247005547, guid: e25b6614d22c84945ba90b31261cbead,
        type: 3}
      propertyPath: m_LocalPosition.x
      value: 6.5973396
      objectReference: {fileID: 0}
    - target: {fileID: 2934587624247005547, guid: e25b6614d22c84945ba90b31261cbead,
        type: 3}
      propertyPath: m_LocalPosition.y
      value: -1.1526629
      objectReference: {fileID: 0}
    - target: {fileID: 2934587624247005547, guid: e25b6614d22c84945ba90b31261cbead,
        type: 3}
      propertyPath: m_LocalPosition.z
      value: 0
      objectReference: {fileID: 0}
    - target: {fileID: 2934587624247005547, guid: e25b6614d22c84945ba90b31261cbead,
        type: 3}
      propertyPath: m_LocalRotation.x
      value: -0
      objectReference: {fileID: 0}
    - target: {fileID: 2934587624247005547, guid: e25b6614d22c84945ba90b31261cbead,
        type: 3}
      propertyPath: m_LocalRotation.y
      value: -0
      objectReference: {fileID: 0}
    - target: {fileID: 2934587624247005547, guid: e25b6614d22c84945ba90b31261cbead,
        type: 3}
      propertyPath: m_LocalRotation.z
      value: -0
      objectReference: {fileID: 0}
    - target: {fileID: 2934587624247005547, guid: e25b6614d22c84945ba90b31261cbead,
        type: 3}
      propertyPath: m_LocalRotation.w
      value: 1
      objectReference: {fileID: 0}
    - target: {fileID: 2934587624247005547, guid: e25b6614d22c84945ba90b31261cbead,
        type: 3}
      propertyPath: m_RootOrder
      value: 1
      objectReference: {fileID: 0}
    - target: {fileID: 2934587624247005547, guid: e25b6614d22c84945ba90b31261cbead,
        type: 3}
      propertyPath: m_LocalEulerAnglesHint.x
      value: 0
      objectReference: {fileID: 0}
    - target: {fileID: 2934587624247005547, guid: e25b6614d22c84945ba90b31261cbead,
        type: 3}
      propertyPath: m_LocalEulerAnglesHint.y
      value: 0
      objectReference: {fileID: 0}
    - target: {fileID: 2934587624247005547, guid: e25b6614d22c84945ba90b31261cbead,
        type: 3}
      propertyPath: m_LocalEulerAnglesHint.z
      value: 0
      objectReference: {fileID: 0}
    - target: {fileID: 2934587624247005544, guid: e25b6614d22c84945ba90b31261cbead,
        type: 3}
      propertyPath: m_Size.x
      value: 12.95899
      objectReference: {fileID: 0}
    - target: {fileID: 2934587624247005544, guid: e25b6614d22c84945ba90b31261cbead,
        type: 3}
      propertyPath: m_Center.x
      value: -0.6043005
      objectReference: {fileID: 0}
    m_RemovedComponents: []
  m_SourcePrefab: {fileID: 100100000, guid: e25b6614d22c84945ba90b31261cbead, type: 3}
--- !u!4 &4584317022173584146 stripped
Transform:
  m_CorrespondingSourceObject: {fileID: 2934587624247005547, guid: e25b6614d22c84945ba90b31261cbead,
    type: 3}
  m_PrefabInstance: {fileID: 1668438455906912889}
  m_PrefabAsset: {fileID: 0}
--- !u!1001 &1953372720055250834
PrefabInstance:
  m_ObjectHideFlags: 0
  serializedVersion: 2
  m_Modification:
    m_TransformParent: {fileID: 4913460292867690944}
    m_Modifications:
    - target: {fileID: 637697423228636780, guid: b19c311c93319b24e85a2688033ed167,
        type: 3}
      propertyPath: m_Name
      value: Platform (1)
      objectReference: {fileID: 0}
    - target: {fileID: 1247243938627823776, guid: b19c311c93319b24e85a2688033ed167,
        type: 3}
      propertyPath: m_LocalPosition.x
      value: 2.819254
      objectReference: {fileID: 0}
    - target: {fileID: 1247243938627823776, guid: b19c311c93319b24e85a2688033ed167,
        type: 3}
      propertyPath: m_LocalPosition.y
      value: -2.81073
      objectReference: {fileID: 0}
    - target: {fileID: 1247243938627823776, guid: b19c311c93319b24e85a2688033ed167,
        type: 3}
      propertyPath: m_LocalPosition.z
      value: 0
      objectReference: {fileID: 0}
    - target: {fileID: 1247243938627823776, guid: b19c311c93319b24e85a2688033ed167,
        type: 3}
      propertyPath: m_LocalRotation.x
      value: -0
      objectReference: {fileID: 0}
    - target: {fileID: 1247243938627823776, guid: b19c311c93319b24e85a2688033ed167,
        type: 3}
      propertyPath: m_LocalRotation.y
      value: -0
      objectReference: {fileID: 0}
    - target: {fileID: 1247243938627823776, guid: b19c311c93319b24e85a2688033ed167,
        type: 3}
      propertyPath: m_LocalRotation.z
      value: -0
      objectReference: {fileID: 0}
    - target: {fileID: 1247243938627823776, guid: b19c311c93319b24e85a2688033ed167,
        type: 3}
      propertyPath: m_LocalRotation.w
      value: 1
      objectReference: {fileID: 0}
    - target: {fileID: 1247243938627823776, guid: b19c311c93319b24e85a2688033ed167,
        type: 3}
      propertyPath: m_RootOrder
      value: 1
      objectReference: {fileID: 0}
    - target: {fileID: 1247243938627823776, guid: b19c311c93319b24e85a2688033ed167,
        type: 3}
      propertyPath: m_LocalEulerAnglesHint.x
      value: 0
      objectReference: {fileID: 0}
    - target: {fileID: 1247243938627823776, guid: b19c311c93319b24e85a2688033ed167,
        type: 3}
      propertyPath: m_LocalEulerAnglesHint.y
      value: 0
      objectReference: {fileID: 0}
    - target: {fileID: 1247243938627823776, guid: b19c311c93319b24e85a2688033ed167,
        type: 3}
      propertyPath: m_LocalEulerAnglesHint.z
      value: 0
      objectReference: {fileID: 0}
    - target: {fileID: 1247243938627823776, guid: b19c311c93319b24e85a2688033ed167,
        type: 3}
      propertyPath: m_LocalScale.x
      value: 3.4033241
      objectReference: {fileID: 0}
    m_RemovedComponents: []
  m_SourcePrefab: {fileID: 100100000, guid: b19c311c93319b24e85a2688033ed167, type: 3}
--- !u!4 &744466003181651762 stripped
Transform:
  m_CorrespondingSourceObject: {fileID: 1247243938627823776, guid: b19c311c93319b24e85a2688033ed167,
    type: 3}
  m_PrefabInstance: {fileID: 1953372720055250834}
  m_PrefabAsset: {fileID: 0}
--- !u!1001 &3070043999871156932
PrefabInstance:
  m_ObjectHideFlags: 0
  serializedVersion: 2
  m_Modification:
    m_TransformParent: {fileID: 4913460292867690944}
    m_Modifications:
    - target: {fileID: 637697423228636780, guid: b19c311c93319b24e85a2688033ed167,
        type: 3}
      propertyPath: m_Name
      value: Platform (2)
      objectReference: {fileID: 0}
    - target: {fileID: 1247243938627823776, guid: b19c311c93319b24e85a2688033ed167,
        type: 3}
      propertyPath: m_LocalPosition.x
      value: 6.959255
      objectReference: {fileID: 0}
    - target: {fileID: 1247243938627823776, guid: b19c311c93319b24e85a2688033ed167,
        type: 3}
      propertyPath: m_LocalPosition.y
      value: -2.6007302
      objectReference: {fileID: 0}
    - target: {fileID: 1247243938627823776, guid: b19c311c93319b24e85a2688033ed167,
        type: 3}
      propertyPath: m_LocalPosition.z
      value: 0
      objectReference: {fileID: 0}
    - target: {fileID: 1247243938627823776, guid: b19c311c93319b24e85a2688033ed167,
        type: 3}
      propertyPath: m_LocalRotation.x
      value: -0
      objectReference: {fileID: 0}
    - target: {fileID: 1247243938627823776, guid: b19c311c93319b24e85a2688033ed167,
        type: 3}
      propertyPath: m_LocalRotation.y
      value: -0
      objectReference: {fileID: 0}
    - target: {fileID: 1247243938627823776, guid: b19c311c93319b24e85a2688033ed167,
        type: 3}
      propertyPath: m_LocalRotation.z
      value: -0
      objectReference: {fileID: 0}
    - target: {fileID: 1247243938627823776, guid: b19c311c93319b24e85a2688033ed167,
        type: 3}
      propertyPath: m_LocalRotation.w
      value: 1
      objectReference: {fileID: 0}
    - target: {fileID: 1247243938627823776, guid: b19c311c93319b24e85a2688033ed167,
        type: 3}
      propertyPath: m_RootOrder
      value: 2
      objectReference: {fileID: 0}
    - target: {fileID: 1247243938627823776, guid: b19c311c93319b24e85a2688033ed167,
        type: 3}
      propertyPath: m_LocalEulerAnglesHint.x
      value: 0
      objectReference: {fileID: 0}
    - target: {fileID: 1247243938627823776, guid: b19c311c93319b24e85a2688033ed167,
        type: 3}
      propertyPath: m_LocalEulerAnglesHint.y
      value: 0
      objectReference: {fileID: 0}
    - target: {fileID: 1247243938627823776, guid: b19c311c93319b24e85a2688033ed167,
        type: 3}
      propertyPath: m_LocalEulerAnglesHint.z
      value: 0
      objectReference: {fileID: 0}
    - target: {fileID: 1247243938627823776, guid: b19c311c93319b24e85a2688033ed167,
        type: 3}
      propertyPath: m_LocalScale.x
      value: 3.4033241
      objectReference: {fileID: 0}
    m_RemovedComponents: []
  m_SourcePrefab: {fileID: 100100000, guid: b19c311c93319b24e85a2688033ed167, type: 3}
--- !u!4 &4311604013134539364 stripped
Transform:
  m_CorrespondingSourceObject: {fileID: 1247243938627823776, guid: b19c311c93319b24e85a2688033ed167,
    type: 3}
  m_PrefabInstance: {fileID: 3070043999871156932}
  m_PrefabAsset: {fileID: 0}
--- !u!1001 &8916209846703194598
PrefabInstance:
  m_ObjectHideFlags: 0
  serializedVersion: 2
  m_Modification:
    m_TransformParent: {fileID: 4913460292867690944}
    m_Modifications:
    - target: {fileID: 637697423228636780, guid: b19c311c93319b24e85a2688033ed167,
        type: 3}
      propertyPath: m_Name
      value: Platform (1)
      objectReference: {fileID: 0}
    - target: {fileID: 1247243938627823776, guid: b19c311c93319b24e85a2688033ed167,
        type: 3}
      propertyPath: m_LocalPosition.x
      value: -1.0017452
      objectReference: {fileID: 0}
    - target: {fileID: 1247243938627823776, guid: b19c311c93319b24e85a2688033ed167,
        type: 3}
      propertyPath: m_LocalPosition.y
      value: -3.08073
      objectReference: {fileID: 0}
    - target: {fileID: 1247243938627823776, guid: b19c311c93319b24e85a2688033ed167,
        type: 3}
      propertyPath: m_LocalPosition.z
      value: 0
      objectReference: {fileID: 0}
    - target: {fileID: 1247243938627823776, guid: b19c311c93319b24e85a2688033ed167,
        type: 3}
      propertyPath: m_LocalRotation.x
      value: -0
      objectReference: {fileID: 0}
    - target: {fileID: 1247243938627823776, guid: b19c311c93319b24e85a2688033ed167,
        type: 3}
      propertyPath: m_LocalRotation.y
      value: -0
      objectReference: {fileID: 0}
    - target: {fileID: 1247243938627823776, guid: b19c311c93319b24e85a2688033ed167,
        type: 3}
      propertyPath: m_LocalRotation.z
      value: -0
      objectReference: {fileID: 0}
    - target: {fileID: 1247243938627823776, guid: b19c311c93319b24e85a2688033ed167,
        type: 3}
      propertyPath: m_LocalRotation.w
      value: 1
      objectReference: {fileID: 0}
    - target: {fileID: 1247243938627823776, guid: b19c311c93319b24e85a2688033ed167,
        type: 3}
      propertyPath: m_RootOrder
      value: 0
      objectReference: {fileID: 0}
    - target: {fileID: 1247243938627823776, guid: b19c311c93319b24e85a2688033ed167,
        type: 3}
      propertyPath: m_LocalEulerAnglesHint.x
      value: 0
      objectReference: {fileID: 0}
    - target: {fileID: 1247243938627823776, guid: b19c311c93319b24e85a2688033ed167,
        type: 3}
      propertyPath: m_LocalEulerAnglesHint.y
      value: 0
      objectReference: {fileID: 0}
    - target: {fileID: 1247243938627823776, guid: b19c311c93319b24e85a2688033ed167,
        type: 3}
      propertyPath: m_LocalEulerAnglesHint.z
      value: 0
      objectReference: {fileID: 0}
    - target: {fileID: 1247243938627823776, guid: b19c311c93319b24e85a2688033ed167,
        type: 3}
      propertyPath: m_LocalScale.x
      value: 2.7831628
      objectReference: {fileID: 0}
    m_RemovedComponents: []
  m_SourcePrefab: {fileID: 100100000, guid: b19c311c93319b24e85a2688033ed167, type: 3}
--- !u!4 &7706684104715938118 stripped
Transform:
  m_CorrespondingSourceObject: {fileID: 1247243938627823776, guid: b19c311c93319b24e85a2688033ed167,
    type: 3}
  m_PrefabInstance: {fileID: 8916209846703194598}
  m_PrefabAsset: {fileID: 0}
