%YAML 1.1
%TAG !u! tag:unity3d.com,2011:
--- !u!1 &1182155259662507109
GameObject:
  m_ObjectHideFlags: 0
  m_CorrespondingSourceObject: {fileID: 0}
  m_PrefabInstance: {fileID: 0}
  m_PrefabAsset: {fileID: 0}
  serializedVersion: 6
  m_Component:
  - component: {fileID: 2700335943816184170}
  m_Layer: 0
  m_Name: Obstacles
  m_TagString: Untagged
  m_Icon: {fileID: 0}
  m_NavMeshLayer: 0
  m_StaticEditorFlags: 0
  m_IsActive: 1
--- !u!4 &2700335943816184170
Transform:
  m_ObjectHideFlags: 0
  m_CorrespondingSourceObject: {fileID: 0}
  m_PrefabInstance: {fileID: 0}
  m_PrefabAsset: {fileID: 0}
  m_GameObject: {fileID: 1182155259662507109}
  m_LocalRotation: {x: -0, y: -0, z: -0, w: 1}
  m_LocalPosition: {x: 8.9478035, y: 1.2494617, z: 0}
  m_LocalScale: {x: 1, y: 1, z: 1}
  m_Children:
  - {fileID: 5409910605585855870}
  - {fileID: 8574375731396897717}
  - {fileID: 8565242966315601306}
  - {fileID: 8723218922817371105}
  - {fileID: 5419076931231274114}
  - {fileID: 8246097055852764763}
  m_Father: {fileID: 3994038783884330348}
  m_RootOrder: 3
  m_LocalEulerAnglesHint: {x: 0, y: 0, z: 0}
--- !u!1 &3375601086729397508
GameObject:
  m_ObjectHideFlags: 0
  m_CorrespondingSourceObject: {fileID: 0}
  m_PrefabInstance: {fileID: 0}
  m_PrefabAsset: {fileID: 0}
  serializedVersion: 6
  m_Component:
  - component: {fileID: 7436281812491056903}
  m_Layer: 0
  m_Name: EndPoint
  m_TagString: Untagged
  m_Icon: {fileID: 0}
  m_NavMeshLayer: 0
  m_StaticEditorFlags: 0
  m_IsActive: 1
--- !u!4 &7436281812491056903
Transform:
  m_ObjectHideFlags: 0
  m_CorrespondingSourceObject: {fileID: 0}
  m_PrefabInstance: {fileID: 0}
  m_PrefabAsset: {fileID: 0}
  m_GameObject: {fileID: 3375601086729397508}
  m_LocalRotation: {x: 0, y: 0, z: 0, w: 1}
  m_LocalPosition: {x: 16.72, y: 0, z: 0}
  m_LocalScale: {x: 1, y: 1, z: 1}
  m_Children: []
  m_Father: {fileID: 3994038783884330348}
  m_RootOrder: 0
  m_LocalEulerAnglesHint: {x: 0, y: 0, z: 0}
--- !u!1 &4552682809816025167
GameObject:
  m_ObjectHideFlags: 0
  m_CorrespondingSourceObject: {fileID: 0}
  m_PrefabInstance: {fileID: 0}
  m_PrefabAsset: {fileID: 0}
  serializedVersion: 6
  m_Component:
  - component: {fileID: 3042277987754478354}
  m_Layer: 0
  m_Name: Platforms
  m_TagString: Untagged
  m_Icon: {fileID: 0}
  m_NavMeshLayer: 0
  m_StaticEditorFlags: 0
  m_IsActive: 1
--- !u!4 &3042277987754478354
Transform:
  m_ObjectHideFlags: 0
  m_CorrespondingSourceObject: {fileID: 0}
  m_PrefabInstance: {fileID: 0}
  m_PrefabAsset: {fileID: 0}
  m_GameObject: {fileID: 4552682809816025167}
  m_LocalRotation: {x: -0, y: -0, z: -0, w: 1}
  m_LocalPosition: {x: 16.176472, y: 0.45095718, z: 0}
  m_LocalScale: {x: 1, y: 1, z: 1}
  m_Children:
  - {fileID: 6935873257905503039}
  m_Father: {fileID: 3994038783884330348}
  m_RootOrder: 2
  m_LocalEulerAnglesHint: {x: 0, y: 0, z: 0}
--- !u!1 &6171603886412555663
GameObject:
  m_ObjectHideFlags: 0
  m_CorrespondingSourceObject: {fileID: 0}
  m_PrefabInstance: {fileID: 0}
  m_PrefabAsset: {fileID: 0}
  serializedVersion: 6
  m_Component:
  - component: {fileID: 3994038783884330348}
  - component: {fileID: -6777528687656269037}
  - component: {fileID: -2366898147239726130}
  m_Layer: 0
  m_Name: Level_Section_7
  m_TagString: Untagged
  m_Icon: {fileID: 0}
  m_NavMeshLayer: 0
  m_StaticEditorFlags: 0
  m_IsActive: 1
--- !u!4 &3994038783884330348
Transform:
  m_ObjectHideFlags: 0
  m_CorrespondingSourceObject: {fileID: 0}
  m_PrefabInstance: {fileID: 0}
  m_PrefabAsset: {fileID: 0}
  m_GameObject: {fileID: 6171603886412555663}
  m_LocalRotation: {x: 0, y: 0, z: 0, w: 1}
  m_LocalPosition: {x: 7.92, y: -1.89, z: 0}
  m_LocalScale: {x: 1, y: 1, z: 1}
  m_Children:
  - {fileID: 7436281812491056903}
  - {fileID: 1174256328897242773}
  - {fileID: 3042277987754478354}
  - {fileID: 2700335943816184170}
  m_Father: {fileID: 0}
  m_RootOrder: 0
  m_LocalEulerAnglesHint: {x: 0, y: 0, z: 0}
--- !u!114 &-6777528687656269037
MonoBehaviour:
  m_ObjectHideFlags: 0
  m_CorrespondingSourceObject: {fileID: 0}
  m_PrefabInstance: {fileID: 0}
  m_PrefabAsset: {fileID: 0}
  m_GameObject: {fileID: 6171603886412555663}
  m_Enabled: 1
  m_EditorHideFlags: 0
  m_Script: {fileID: 11500000, guid: 7c5448c2bdcdc904f92c5f7422eabb28, type: 3}
  m_Name: 
  m_EditorClassIdentifier: 
--- !u!114 &-2366898147239726130
MonoBehaviour:
  m_ObjectHideFlags: 0
  m_CorrespondingSourceObject: {fileID: 0}
  m_PrefabInstance: {fileID: 0}
  m_PrefabAsset: {fileID: 0}
  m_GameObject: {fileID: 6171603886412555663}
  m_Enabled: 1
  m_EditorHideFlags: 0
  m_Script: {fileID: 11500000, guid: 3cf4adea4b12ef849af531cb442a7d81, type: 3}
  m_Name: 
  m_EditorClassIdentifier: 
  moveSpeed: 0
--- !u!1001 &615832841004684310
PrefabInstance:
  m_ObjectHideFlags: 0
  serializedVersion: 2
  m_Modification:
    m_TransformParent: {fileID: 2700335943816184170}
    m_Modifications:
    - target: {fileID: 4881776055441375378, guid: f93f8076093a5c9419a6e7689e88c492,
        type: 3}
      propertyPath: m_Name
      value: ObstacleShort
      objectReference: {fileID: 0}
    - target: {fileID: 4881776055441375380, guid: f93f8076093a5c9419a6e7689e88c492,
        type: 3}
      propertyPath: m_LocalPosition.x
      value: -4.005501
      objectReference: {fileID: 0}
    - target: {fileID: 4881776055441375380, guid: f93f8076093a5c9419a6e7689e88c492,
        type: 3}
      propertyPath: m_LocalPosition.y
      value: -0.86305237
      objectReference: {fileID: 0}
    - target: {fileID: 4881776055441375380, guid: f93f8076093a5c9419a6e7689e88c492,
        type: 3}
      propertyPath: m_LocalPosition.z
      value: 0
      objectReference: {fileID: 0}
    - target: {fileID: 4881776055441375380, guid: f93f8076093a5c9419a6e7689e88c492,
        type: 3}
      propertyPath: m_LocalRotation.x
      value: -0
      objectReference: {fileID: 0}
    - target: {fileID: 4881776055441375380, guid: f93f8076093a5c9419a6e7689e88c492,
        type: 3}
      propertyPath: m_LocalRotation.y
      value: -0
      objectReference: {fileID: 0}
    - target: {fileID: 4881776055441375380, guid: f93f8076093a5c9419a6e7689e88c492,
        type: 3}
      propertyPath: m_LocalRotation.z
      value: -0
      objectReference: {fileID: 0}
    - target: {fileID: 4881776055441375380, guid: f93f8076093a5c9419a6e7689e88c492,
        type: 3}
      propertyPath: m_LocalRotation.w
      value: 1
      objectReference: {fileID: 0}
    - target: {fileID: 4881776055441375380, guid: f93f8076093a5c9419a6e7689e88c492,
        type: 3}
      propertyPath: m_RootOrder
      value: 4
      objectReference: {fileID: 0}
    - target: {fileID: 4881776055441375380, guid: f93f8076093a5c9419a6e7689e88c492,
        type: 3}
      propertyPath: m_LocalEulerAnglesHint.x
      value: 0
      objectReference: {fileID: 0}
    - target: {fileID: 4881776055441375380, guid: f93f8076093a5c9419a6e7689e88c492,
        type: 3}
      propertyPath: m_LocalEulerAnglesHint.y
      value: 0
      objectReference: {fileID: 0}
    - target: {fileID: 4881776055441375380, guid: f93f8076093a5c9419a6e7689e88c492,
        type: 3}
      propertyPath: m_LocalEulerAnglesHint.z
      value: 0
      objectReference: {fileID: 0}
    m_RemovedComponents: []
  m_SourcePrefab: {fileID: 100100000, guid: f93f8076093a5c9419a6e7689e88c492, type: 3}
--- !u!4 &5419076931231274114 stripped
Transform:
  m_CorrespondingSourceObject: {fileID: 4881776055441375380, guid: f93f8076093a5c9419a6e7689e88c492,
    type: 3}
  m_PrefabInstance: {fileID: 615832841004684310}
  m_PrefabAsset: {fileID: 0}
--- !u!1001 &624962947189798378
PrefabInstance:
  m_ObjectHideFlags: 0
  serializedVersion: 2
  m_Modification:
    m_TransformParent: {fileID: 2700335943816184170}
    m_Modifications:
    - target: {fileID: 4881776055441375378, guid: f93f8076093a5c9419a6e7689e88c492,
        type: 3}
      propertyPath: m_Name
      value: ObstacleShort (2)
      objectReference: {fileID: 0}
    - target: {fileID: 4881776055441375380, guid: f93f8076093a5c9419a6e7689e88c492,
        type: 3}
      propertyPath: m_LocalPosition.x
      value: 3.234682
      objectReference: {fileID: 0}
    - target: {fileID: 4881776055441375380, guid: f93f8076093a5c9419a6e7689e88c492,
        type: 3}
      propertyPath: m_LocalPosition.y
      value: -0.86305237
      objectReference: {fileID: 0}
    - target: {fileID: 4881776055441375380, guid: f93f8076093a5c9419a6e7689e88c492,
        type: 3}
      propertyPath: m_LocalPosition.z
      value: 0
      objectReference: {fileID: 0}
    - target: {fileID: 4881776055441375380, guid: f93f8076093a5c9419a6e7689e88c492,
        type: 3}
      propertyPath: m_LocalRotation.x
      value: -0
      objectReference: {fileID: 0}
    - target: {fileID: 4881776055441375380, guid: f93f8076093a5c9419a6e7689e88c492,
        type: 3}
      propertyPath: m_LocalRotation.y
      value: -0
      objectReference: {fileID: 0}
    - target: {fileID: 4881776055441375380, guid: f93f8076093a5c9419a6e7689e88c492,
        type: 3}
      propertyPath: m_LocalRotation.z
      value: -0
      objectReference: {fileID: 0}
    - target: {fileID: 4881776055441375380, guid: f93f8076093a5c9419a6e7689e88c492,
        type: 3}
      propertyPath: m_LocalRotation.w
      value: 1
      objectReference: {fileID: 0}
    - target: {fileID: 4881776055441375380, guid: f93f8076093a5c9419a6e7689e88c492,
        type: 3}
      propertyPath: m_RootOrder
      value: 0
      objectReference: {fileID: 0}
    - target: {fileID: 4881776055441375380, guid: f93f8076093a5c9419a6e7689e88c492,
        type: 3}
      propertyPath: m_LocalEulerAnglesHint.x
      value: 0
      objectReference: {fileID: 0}
    - target: {fileID: 4881776055441375380, guid: f93f8076093a5c9419a6e7689e88c492,
        type: 3}
      propertyPath: m_LocalEulerAnglesHint.y
      value: 0
      objectReference: {fileID: 0}
    - target: {fileID: 4881776055441375380, guid: f93f8076093a5c9419a6e7689e88c492,
        type: 3}
      propertyPath: m_LocalEulerAnglesHint.z
      value: 0
      objectReference: {fileID: 0}
    m_RemovedComponents: []
  m_SourcePrefab: {fileID: 100100000, guid: f93f8076093a5c9419a6e7689e88c492, type: 3}
--- !u!4 &5409910605585855870 stripped
Transform:
  m_CorrespondingSourceObject: {fileID: 4881776055441375380, guid: f93f8076093a5c9419a6e7689e88c492,
    type: 3}
  m_PrefabInstance: {fileID: 624962947189798378}
  m_PrefabAsset: {fileID: 0}
--- !u!1001 &3846732061363719438
PrefabInstance:
  m_ObjectHideFlags: 0
  serializedVersion: 2
  m_Modification:
    m_TransformParent: {fileID: 2700335943816184170}
    m_Modifications:
    - target: {fileID: 4881776055441375378, guid: f93f8076093a5c9419a6e7689e88c492,
        type: 3}
      propertyPath: m_Name
      value: ObstacleShort (1)
      objectReference: {fileID: 0}
    - target: {fileID: 4881776055441375380, guid: f93f8076093a5c9419a6e7689e88c492,
        type: 3}
      propertyPath: m_LocalPosition.x
      value: -0.09708214
      objectReference: {fileID: 0}
    - target: {fileID: 4881776055441375380, guid: f93f8076093a5c9419a6e7689e88c492,
        type: 3}
      propertyPath: m_LocalPosition.y
      value: -0.86305237
      objectReference: {fileID: 0}
    - target: {fileID: 4881776055441375380, guid: f93f8076093a5c9419a6e7689e88c492,
        type: 3}
      propertyPath: m_LocalPosition.z
      value: 0
      objectReference: {fileID: 0}
    - target: {fileID: 4881776055441375380, guid: f93f8076093a5c9419a6e7689e88c492,
        type: 3}
      propertyPath: m_LocalRotation.x
      value: -0
      objectReference: {fileID: 0}
    - target: {fileID: 4881776055441375380, guid: f93f8076093a5c9419a6e7689e88c492,
        type: 3}
      propertyPath: m_LocalRotation.y
      value: -0
      objectReference: {fileID: 0}
    - target: {fileID: 4881776055441375380, guid: f93f8076093a5c9419a6e7689e88c492,
        type: 3}
      propertyPath: m_LocalRotation.z
      value: -0
      objectReference: {fileID: 0}
    - target: {fileID: 4881776055441375380, guid: f93f8076093a5c9419a6e7689e88c492,
        type: 3}
      propertyPath: m_LocalRotation.w
      value: 1
      objectReference: {fileID: 0}
    - target: {fileID: 4881776055441375380, guid: f93f8076093a5c9419a6e7689e88c492,
        type: 3}
      propertyPath: m_RootOrder
      value: 2
      objectReference: {fileID: 0}
    - target: {fileID: 4881776055441375380, guid: f93f8076093a5c9419a6e7689e88c492,
        type: 3}
      propertyPath: m_LocalEulerAnglesHint.x
      value: 0
      objectReference: {fileID: 0}
    - target: {fileID: 4881776055441375380, guid: f93f8076093a5c9419a6e7689e88c492,
        type: 3}
      propertyPath: m_LocalEulerAnglesHint.y
      value: 0
      objectReference: {fileID: 0}
    - target: {fileID: 4881776055441375380, guid: f93f8076093a5c9419a6e7689e88c492,
        type: 3}
      propertyPath: m_LocalEulerAnglesHint.z
      value: 0
      objectReference: {fileID: 0}
    m_RemovedComponents: []
  m_SourcePrefab: {fileID: 100100000, guid: f93f8076093a5c9419a6e7689e88c492, type: 3}
--- !u!4 &8565242966315601306 stripped
Transform:
  m_CorrespondingSourceObject: {fileID: 4881776055441375380, guid: f93f8076093a5c9419a6e7689e88c492,
    type: 3}
  m_PrefabInstance: {fileID: 3846732061363719438}
  m_PrefabAsset: {fileID: 0}
--- !u!1001 &4103469812736112638
PrefabInstance:
  m_ObjectHideFlags: 0
  serializedVersion: 2
  m_Modification:
    m_TransformParent: {fileID: 3994038783884330348}
    m_Modifications:
    - target: {fileID: 2934587624247005558, guid: e25b6614d22c84945ba90b31261cbead,
        type: 3}
      propertyPath: m_Name
      value: FallCollider
      objectReference: {fileID: 0}
    - target: {fileID: 2934587624247005547, guid: e25b6614d22c84945ba90b31261cbead,
        type: 3}
      propertyPath: m_LocalPosition.x
      value: 9.163076
      objectReference: {fileID: 0}
    - target: {fileID: 2934587624247005547, guid: e25b6614d22c84945ba90b31261cbead,
        type: 3}
      propertyPath: m_LocalPosition.y
      value: -1.95
      objectReference: {fileID: 0}
    - target: {fileID: 2934587624247005547, guid: e25b6614d22c84945ba90b31261cbead,
        type: 3}
      propertyPath: m_LocalPosition.z
      value: 0
      objectReference: {fileID: 0}
    - target: {fileID: 2934587624247005547, guid: e25b6614d22c84945ba90b31261cbead,
        type: 3}
      propertyPath: m_LocalRotation.x
      value: -0
      objectReference: {fileID: 0}
    - target: {fileID: 2934587624247005547, guid: e25b6614d22c84945ba90b31261cbead,
        type: 3}
      propertyPath: m_LocalRotation.y
      value: -0
      objectReference: {fileID: 0}
    - target: {fileID: 2934587624247005547, guid: e25b6614d22c84945ba90b31261cbead,
        type: 3}
      propertyPath: m_LocalRotation.z
      value: -0
      objectReference: {fileID: 0}
    - target: {fileID: 2934587624247005547, guid: e25b6614d22c84945ba90b31261cbead,
        type: 3}
      propertyPath: m_LocalRotation.w
      value: 1
      objectReference: {fileID: 0}
    - target: {fileID: 2934587624247005547, guid: e25b6614d22c84945ba90b31261cbead,
        type: 3}
      propertyPath: m_RootOrder
      value: 1
      objectReference: {fileID: 0}
    - target: {fileID: 2934587624247005547, guid: e25b6614d22c84945ba90b31261cbead,
        type: 3}
      propertyPath: m_LocalEulerAnglesHint.x
      value: 0
      objectReference: {fileID: 0}
    - target: {fileID: 2934587624247005547, guid: e25b6614d22c84945ba90b31261cbead,
        type: 3}
      propertyPath: m_LocalEulerAnglesHint.y
      value: 0
      objectReference: {fileID: 0}
    - target: {fileID: 2934587624247005547, guid: e25b6614d22c84945ba90b31261cbead,
        type: 3}
      propertyPath: m_LocalEulerAnglesHint.z
      value: 0
      objectReference: {fileID: 0}
    - target: {fileID: 2934587624247005544, guid: e25b6614d22c84945ba90b31261cbead,
        type: 3}
      propertyPath: m_Size.x
      value: 17.057188
      objectReference: {fileID: 0}
    - target: {fileID: 2934587624247005544, guid: e25b6614d22c84945ba90b31261cbead,
        type: 3}
      propertyPath: m_Center.x
      value: -0.31106853
      objectReference: {fileID: 0}
    m_RemovedComponents: []
  m_SourcePrefab: {fileID: 100100000, guid: e25b6614d22c84945ba90b31261cbead, type: 3}
--- !u!4 &1174256328897242773 stripped
Transform:
  m_CorrespondingSourceObject: {fileID: 2934587624247005547, guid: e25b6614d22c84945ba90b31261cbead,
    type: 3}
  m_PrefabInstance: {fileID: 4103469812736112638}
  m_PrefabAsset: {fileID: 0}
--- !u!1001 &4690507927707441740
PrefabInstance:
  m_ObjectHideFlags: 0
  serializedVersion: 2
  m_Modification:
    m_TransformParent: {fileID: 2700335943816184170}
    m_Modifications:
    - target: {fileID: 4027983159504384511, guid: 654e69db7c190754b9b4e2a36e0a94dc,
        type: 3}
      propertyPath: m_Name
      value: ObstacleTall (2)
      objectReference: {fileID: 0}
    - target: {fileID: 4027983159504384505, guid: 654e69db7c190754b9b4e2a36e0a94dc,
        type: 3}
      propertyPath: m_LocalPosition.x
      value: 3.2321968
      objectReference: {fileID: 0}
    - target: {fileID: 4027983159504384505, guid: 654e69db7c190754b9b4e2a36e0a94dc,
        type: 3}
      propertyPath: m_LocalPosition.y
      value: 2.2124243
      objectReference: {fileID: 0}
    - target: {fileID: 4027983159504384505, guid: 654e69db7c190754b9b4e2a36e0a94dc,
        type: 3}
      propertyPath: m_LocalPosition.z
      value: 0
      objectReference: {fileID: 0}
    - target: {fileID: 4027983159504384505, guid: 654e69db7c190754b9b4e2a36e0a94dc,
        type: 3}
      propertyPath: m_LocalRotation.x
      value: -0
      objectReference: {fileID: 0}
    - target: {fileID: 4027983159504384505, guid: 654e69db7c190754b9b4e2a36e0a94dc,
        type: 3}
      propertyPath: m_LocalRotation.y
      value: -0
      objectReference: {fileID: 0}
    - target: {fileID: 4027983159504384505, guid: 654e69db7c190754b9b4e2a36e0a94dc,
        type: 3}
      propertyPath: m_LocalRotation.z
      value: -0
      objectReference: {fileID: 0}
    - target: {fileID: 4027983159504384505, guid: 654e69db7c190754b9b4e2a36e0a94dc,
        type: 3}
      propertyPath: m_LocalRotation.w
      value: 1
      objectReference: {fileID: 0}
    - target: {fileID: 4027983159504384505, guid: 654e69db7c190754b9b4e2a36e0a94dc,
        type: 3}
      propertyPath: m_RootOrder
      value: 1
      objectReference: {fileID: 0}
    - target: {fileID: 4027983159504384505, guid: 654e69db7c190754b9b4e2a36e0a94dc,
        type: 3}
      propertyPath: m_LocalEulerAnglesHint.x
      value: 0
      objectReference: {fileID: 0}
    - target: {fileID: 4027983159504384505, guid: 654e69db7c190754b9b4e2a36e0a94dc,
        type: 3}
      propertyPath: m_LocalEulerAnglesHint.y
      value: 0
      objectReference: {fileID: 0}
    - target: {fileID: 4027983159504384505, guid: 654e69db7c190754b9b4e2a36e0a94dc,
        type: 3}
      propertyPath: m_LocalEulerAnglesHint.z
      value: 0
      objectReference: {fileID: 0}
    m_RemovedComponents: []
  m_SourcePrefab: {fileID: 100100000, guid: 654e69db7c190754b9b4e2a36e0a94dc, type: 3}
--- !u!4 &8574375731396897717 stripped
Transform:
  m_CorrespondingSourceObject: {fileID: 4027983159504384505, guid: 654e69db7c190754b9b4e2a36e0a94dc,
    type: 3}
  m_PrefabInstance: {fileID: 4690507927707441740}
  m_PrefabAsset: {fileID: 0}
--- !u!1001 &5014266439289024418
PrefabInstance:
  m_ObjectHideFlags: 0
  serializedVersion: 2
  m_Modification:
    m_TransformParent: {fileID: 2700335943816184170}
    m_Modifications:
    - target: {fileID: 4027983159504384511, guid: 654e69db7c190754b9b4e2a36e0a94dc,
        type: 3}
      propertyPath: m_Name
      value: ObstacleTall
      objectReference: {fileID: 0}
    - target: {fileID: 4027983159504384505, guid: 654e69db7c190754b9b4e2a36e0a94dc,
        type: 3}
      propertyPath: m_LocalPosition.x
      value: -6.151926
      objectReference: {fileID: 0}
    - target: {fileID: 4027983159504384505, guid: 654e69db7c190754b9b4e2a36e0a94dc,
        type: 3}
      propertyPath: m_LocalPosition.y
      value: 0.8989389
      objectReference: {fileID: 0}
    - target: {fileID: 4027983159504384505, guid: 654e69db7c190754b9b4e2a36e0a94dc,
        type: 3}
      propertyPath: m_LocalPosition.z
      value: 0
      objectReference: {fileID: 0}
    - target: {fileID: 4027983159504384505, guid: 654e69db7c190754b9b4e2a36e0a94dc,
        type: 3}
      propertyPath: m_LocalRotation.x
      value: -0
      objectReference: {fileID: 0}
    - target: {fileID: 4027983159504384505, guid: 654e69db7c190754b9b4e2a36e0a94dc,
        type: 3}
      propertyPath: m_LocalRotation.y
      value: -0
      objectReference: {fileID: 0}
    - target: {fileID: 4027983159504384505, guid: 654e69db7c190754b9b4e2a36e0a94dc,
        type: 3}
      propertyPath: m_LocalRotation.z
      value: -0
      objectReference: {fileID: 0}
    - target: {fileID: 4027983159504384505, guid: 654e69db7c190754b9b4e2a36e0a94dc,
        type: 3}
      propertyPath: m_LocalRotation.w
      value: 1
      objectReference: {fileID: 0}
    - target: {fileID: 4027983159504384505, guid: 654e69db7c190754b9b4e2a36e0a94dc,
        type: 3}
      propertyPath: m_RootOrder
      value: 5
      objectReference: {fileID: 0}
    - target: {fileID: 4027983159504384505, guid: 654e69db7c190754b9b4e2a36e0a94dc,
        type: 3}
      propertyPath: m_LocalEulerAnglesHint.x
      value: 0
      objectReference: {fileID: 0}
    - target: {fileID: 4027983159504384505, guid: 654e69db7c190754b9b4e2a36e0a94dc,
        type: 3}
      propertyPath: m_LocalEulerAnglesHint.y
      value: 0
      objectReference: {fileID: 0}
    - target: {fileID: 4027983159504384505, guid: 654e69db7c190754b9b4e2a36e0a94dc,
        type: 3}
      propertyPath: m_LocalEulerAnglesHint.z
      value: 0
      objectReference: {fileID: 0}
    m_RemovedComponents: []
  m_SourcePrefab: {fileID: 100100000, guid: 654e69db7c190754b9b4e2a36e0a94dc, type: 3}
--- !u!4 &8246097055852764763 stripped
Transform:
  m_CorrespondingSourceObject: {fileID: 4027983159504384505, guid: 654e69db7c190754b9b4e2a36e0a94dc,
    type: 3}
  m_PrefabInstance: {fileID: 5014266439289024418}
  m_PrefabAsset: {fileID: 0}
--- !u!1001 &5686177379450161688
PrefabInstance:
  m_ObjectHideFlags: 0
  serializedVersion: 2
  m_Modification:
    m_TransformParent: {fileID: 2700335943816184170}
    m_Modifications:
    - target: {fileID: 4027983159504384511, guid: 654e69db7c190754b9b4e2a36e0a94dc,
        type: 3}
      propertyPath: m_Name
      value: ObstacleTall (1)
      objectReference: {fileID: 0}
    - target: {fileID: 4027983159504384505, guid: 654e69db7c190754b9b4e2a36e0a94dc,
        type: 3}
      propertyPath: m_LocalPosition.x
      value: -1.9872198
      objectReference: {fileID: 0}
    - target: {fileID: 4027983159504384505, guid: 654e69db7c190754b9b4e2a36e0a94dc,
        type: 3}
      propertyPath: m_LocalPosition.y
      value: 0.8989389
      objectReference: {fileID: 0}
    - target: {fileID: 4027983159504384505, guid: 654e69db7c190754b9b4e2a36e0a94dc,
        type: 3}
      propertyPath: m_LocalPosition.z
      value: 0
      objectReference: {fileID: 0}
    - target: {fileID: 4027983159504384505, guid: 654e69db7c190754b9b4e2a36e0a94dc,
        type: 3}
      propertyPath: m_LocalRotation.x
      value: -0
      objectReference: {fileID: 0}
    - target: {fileID: 4027983159504384505, guid: 654e69db7c190754b9b4e2a36e0a94dc,
        type: 3}
      propertyPath: m_LocalRotation.y
      value: -0
      objectReference: {fileID: 0}
    - target: {fileID: 4027983159504384505, guid: 654e69db7c190754b9b4e2a36e0a94dc,
        type: 3}
      propertyPath: m_LocalRotation.z
      value: -0
      objectReference: {fileID: 0}
    - target: {fileID: 4027983159504384505, guid: 654e69db7c190754b9b4e2a36e0a94dc,
        type: 3}
      propertyPath: m_LocalRotation.w
      value: 1
      objectReference: {fileID: 0}
    - target: {fileID: 4027983159504384505, guid: 654e69db7c190754b9b4e2a36e0a94dc,
        type: 3}
      propertyPath: m_RootOrder
      value: 3
      objectReference: {fileID: 0}
    - target: {fileID: 4027983159504384505, guid: 654e69db7c190754b9b4e2a36e0a94dc,
        type: 3}
      propertyPath: m_LocalEulerAnglesHint.x
      value: 0
      objectReference: {fileID: 0}
    - target: {fileID: 4027983159504384505, guid: 654e69db7c190754b9b4e2a36e0a94dc,
        type: 3}
      propertyPath: m_LocalEulerAnglesHint.y
      value: 0
      objectReference: {fileID: 0}
    - target: {fileID: 4027983159504384505, guid: 654e69db7c190754b9b4e2a36e0a94dc,
        type: 3}
      propertyPath: m_LocalEulerAnglesHint.z
      value: 0
      objectReference: {fileID: 0}
    m_RemovedComponents: []
  m_SourcePrefab: {fileID: 100100000, guid: 654e69db7c190754b9b4e2a36e0a94dc, type: 3}
--- !u!4 &8723218922817371105 stripped
Transform:
  m_CorrespondingSourceObject: {fileID: 4027983159504384505, guid: 654e69db7c190754b9b4e2a36e0a94dc,
    type: 3}
  m_PrefabInstance: {fileID: 5686177379450161688}
  m_PrefabAsset: {fileID: 0}
--- !u!1001 &8146504009083851679
PrefabInstance:
  m_ObjectHideFlags: 0
  serializedVersion: 2
  m_Modification:
    m_TransformParent: {fileID: 3042277987754478354}
    m_Modifications:
    - target: {fileID: 637697423228636780, guid: b19c311c93319b24e85a2688033ed167,
        type: 3}
      propertyPath: m_Name
      value: Platform (1)
      objectReference: {fileID: 0}
    - target: {fileID: 1247243938627823776, guid: b19c311c93319b24e85a2688033ed167,
        type: 3}
      propertyPath: m_LocalPosition.x
      value: -7.4404716
      objectReference: {fileID: 0}
    - target: {fileID: 1247243938627823776, guid: b19c311c93319b24e85a2688033ed167,
        type: 3}
      propertyPath: m_LocalPosition.y
      value: -0.38689065
      objectReference: {fileID: 0}
    - target: {fileID: 1247243938627823776, guid: b19c311c93319b24e85a2688033ed167,
        type: 3}
      propertyPath: m_LocalPosition.z
      value: 0
      objectReference: {fileID: 0}
    - target: {fileID: 1247243938627823776, guid: b19c311c93319b24e85a2688033ed167,
        type: 3}
      propertyPath: m_LocalRotation.x
      value: -0
      objectReference: {fileID: 0}
    - target: {fileID: 1247243938627823776, guid: b19c311c93319b24e85a2688033ed167,
        type: 3}
      propertyPath: m_LocalRotation.y
      value: -0
      objectReference: {fileID: 0}
    - target: {fileID: 1247243938627823776, guid: b19c311c93319b24e85a2688033ed167,
        type: 3}
      propertyPath: m_LocalRotation.z
      value: -0
      objectReference: {fileID: 0}
    - target: {fileID: 1247243938627823776, guid: b19c311c93319b24e85a2688033ed167,
        type: 3}
      propertyPath: m_LocalRotation.w
      value: 1
      objectReference: {fileID: 0}
    - target: {fileID: 1247243938627823776, guid: b19c311c93319b24e85a2688033ed167,
        type: 3}
      propertyPath: m_RootOrder
      value: 0
      objectReference: {fileID: 0}
    - target: {fileID: 1247243938627823776, guid: b19c311c93319b24e85a2688033ed167,
        type: 3}
      propertyPath: m_LocalEulerAnglesHint.x
      value: 0
      objectReference: {fileID: 0}
    - target: {fileID: 1247243938627823776, guid: b19c311c93319b24e85a2688033ed167,
        type: 3}
      propertyPath: m_LocalEulerAnglesHint.y
      value: 0
      objectReference: {fileID: 0}
    - target: {fileID: 1247243938627823776, guid: b19c311c93319b24e85a2688033ed167,
        type: 3}
      propertyPath: m_LocalEulerAnglesHint.z
      value: 0
      objectReference: {fileID: 0}
    - target: {fileID: 1247243938627823776, guid: b19c311c93319b24e85a2688033ed167,
        type: 3}
      propertyPath: m_LocalScale.x
      value: 15.9219
      objectReference: {fileID: 0}
    m_RemovedComponents: []
  m_SourcePrefab: {fileID: 100100000, guid: b19c311c93319b24e85a2688033ed167, type: 3}
--- !u!4 &6935873257905503039 stripped
Transform:
  m_CorrespondingSourceObject: {fileID: 1247243938627823776, guid: b19c311c93319b24e85a2688033ed167,
    type: 3}
  m_PrefabInstance: {fileID: 8146504009083851679}
  m_PrefabAsset: {fileID: 0}
